3108 5059
856 518 1134 566 mouns
1184 517 1724 568 HISTORIARUM.
2112 503 2245 568 253

337 679 557 756 DeuS,
594 699 734 762 quo
766 679 992 742 minus
1028 677 1325 761 Spiritus
1371 680 1480 743 sui
1513 677 2086 761 praestolarentur
2117 679 2241 742 ad·-

337 787 646 844 ventum.
755 778 1147 861 Purpuram
1194 786 1535 861 praeterea
1574 779 1918 861 deposuit,
1963 798 2240 843 saccum

342 886 413 944 et
446 881 745 943 cilicium
794 879 1044 957 induit,
1095 879 1410 961 vestigiis
1463 880 1668 943 nudis
1714 899 1837 963 per
1887 881 2244 962 pavimen-

343 988 488 1043 tum
522 980 847 1044 incedens
880 980 1298 1062 pauperibus
1332 979 1777 1057 ministravit,
1812 980 2242 1063 exemplum-

346 1100 481 1162 que
532 1080 689 1144 aliis
737 1080 1053 1162 praebens
1098 1097 1335 1145 omnes
1382 1079 1471 1142 ad
1518 1080 1992 1163 eleemosynas
2035 1087 2106 1143 et
2143 1079 2246 1143 la-

339 1181 778 1265 chrymarum
829 1179 1226 1244 effusionem
1286 1181 1702 1244 commovit.·
1793 1180 1993 1243 Tunc
2047 1198 2244 1262 mag-

350 1281 592 1345 nificus
642 1281 1021 1363 imperator
1081 1279 1323 1344 videns
1390 1279 1704 1344 ecclesiae
1772 1281 2245 1362 pavimentum

350 1380 721 1464 lachrymis
785 1381 1083 1444 ubertim
1150 1379 1530 1462 perfusum,
1587 1380 1774 1463 quod
1835 1381 2026 1462 prius
2085 1399 2246 1443 san-

354 1482 557 1562 guine
586 1480 818 1544 fuerat
851 1479 1298 1557 tabefactum,
1322 1480 1538 1564 jussit
1570 1479 1981 1544 fiducialiter
2015 1480 2246 1544 missae

351 1582 675 1646 inchoare
723 1578 1046 1658 officium,
1082 1587 1153 1644 et
1201 1600 1359 1645 cum
1406 1599 1678 1644 summa
1727 1581 2095 1645 devotione
2139 1581 2246 1644 in·

350 1690 623 1765 ceptum
659 1681 1065 1762 obsequium
1099 1681 1642 1763 compleverunt.
1746 1681 2057 1744 Tandem
2091 1699 2247 1744 cum

350 1788 759 1864 perventum
803 1787 952 1844 erat
997 1781 1084 1844 ad
1121 1801 1398 1844 versum
1440 1780 1943 1870 supradictum,
1979 1786 1998 1813 ‘
2037 1779 2248 1843 Hunc

352 1883 529 1946 diem
565 1881 945 1961 gloriosum
980 1888 1058 1944 tu
1097 1879 1365 1959 fecisti,’
1399 1881 1732 1963 praecepit
1763 1881 2139 1963 imperator
2170 1886 2250 1942 ut

351 2001 591 2047 versus
632 2001 677 2045 a
720 1979 931 2044 choro
978 1981 1184 2045 tertio
1230 1988 1680 2066 repeteretur,
1726 1981 1802 2043 in
1846 1979 2251 2044 contumeli-

353 2103 463 2147 am
508 2082 880 2160 Sathanae3
930 2087 1000 2144 et
1036 2081 1335 2159 demum,
1363 2080 1562 2146 finito
1596 2100 1827 2158 versu,
1855 2080 2069 2164 jussit
2103 2098 2250 2143 om-

352 2202 471 2247 nes
506 2181 932 2265 aliquamdiu
980 2181 1207 2259 silere,
1242 2189 1324 2246 ut
1356 2181 1679 2245 audirent
1709 2181 1769 2244 si
1804 2181 2023 2244 hostis
2071 2180 2252 2243 anti-

356 2303 555 2366 quus,
590 2288 668 2345 ut
712 2281 905 2364 prius
936 2280 1218 2359 fecerat,
1255 2281 1515 2365 aliquid
1564 2281 2058 2345 subsannando
2091 2300 2251 2364 pro-

351 2383 562 2448 ferret
595 2403 614 2464 ;
667 2380 812 2458 sed,
863 2401 1017 2445 cum
1060 2381 1567 2464 aliquantulum
1612 2387 2139 2465 exspectassent
2183 2387 2254 2445 et

354 2484 523 2549 nihil
560 2482 942 2561 audissent,
977 2488 996 2515 ‘
1021 2481 1427 2561 NoveritiS,'
1456 2483 1558 2547 ait
1589 2483 1990 2567 imperator,
2019 2487 2040 2515 ‘
2066 2479 2252 2565 quod

354 2586 673 2649 inimicus
714 2591 952 2647 noster
983 2583 1312 2647 confusus
1347 2583 1679 2648 recessit.'
1782 2583 1982 2645 Tunc
2016 2600 2253 2645 omnes

358 2685 875 2767 congaudentes
916 2684 991 2747 in
1025 2683 1331 2748 Domino
1372 2692 1440 2749 et
1472 2683 1870 2748 exultantes
1905 2680 2254 2745 residuum

356 2787 586 2850 missae
641 2783 935 2848 feliciter
1006 2789 1446 2867 peregerunt,
1502 2781 1971 2864 glorificantes
2043 2779 2254 2863 Spiri-

357 2894 503 2950 tum
550 2885 907 2961 Sanctum,
952 2884 1072 2966 qui
1115 2884 1521 2967 imperatori
1566 2883 1706 2947 tale
1748 2881 2112 2947 consilium
2147 2880 2256 2945 in·.

357 2986 673 3070 spiravit.
761 2983 1109 3049 Successit
1168 2985 1232 3047 ei
1294 2986 1369 3047 in
1430 2984 1796 3066 imperium
1862 2981 2258 3046 Romanum

362 3077 808 3151 Fredericus¹
846 3103 1063 3168 nepos
1096 3084 1271 3169 ejus,

500 3258 641 3323 Hoc
668 3277 832 3322 anno
862 3253 1013 3320 obiit
1031 3277 1216 3343 papa
1244 3254 1564 3342 Euyenius
1593 3265 1650 3320 et
1677 3256 1861 3321 multi
1889 3257 2111 3322 divites

1182 3378 1318 3420 oum
1347 3379 1429 3421 σο.

480 3483 690 3549 Anno
754 3482 1038 3546 Domini
1104 3498 1327 3546 Mcnu.
1402 3482 1761 3563 Eugenius
1833 3502 2018 3565 papa
2082 3482 2262 3546 diem

364 3583 617 3650 clausit
680 3590 1067 3647 extremum
1134 3602 1369 3646 mense
1432 3582 1478 3647 J
1484 3582 1654 3660 uli0,
1713 3582 1826 3651 cui
1889 3582 2263 3651 succedens

364 3675 822 3750 Anastasius²
850 3683 1030 3747 sedit
1060 3683 1131 3746 in
1164 3681 1495 3746 cathedra
1528 3683 1851 3747 Romana
1881 3701 2064 3746 anno
2101 3702 2265 3759 uno,

363 3785 715 3849 mensibus
786 3790 1087 3865 quatuor
1156 3788 1227 3845 et
1289 3782 1530 3847 diebus
1622 3782 1872 3864 vig-inti
1944 3789 2266 3863 quatuor.

366 3884 631 3950 Eodem
704 3903 887 3948 anno
943 3882 1338 3947 Richardus
1383 3883 1469 3947 de
1525 3881 1874 3959 BeumeiS,
1927 3882 2269 3946 archidia-

435 4118 453 4150 ¹
479 4120 531 4169 F
528 4119 817 4183 aderio-ud
849 4119 935 4168 the
970 4120 1094 4180 first,
1130 4132 1220 4167 sou
1242 4118 1302 4169 of
1416 4114 1439 4148 ²
1460 4110 1812 4185 Anastasius]
1848 4117 2155 4168 Anastasius
2187 4118 2272 4167 the

367 4191 624 4253 Frederic,
639 4190 780 4239 duke
793 4189 851 4238 of
867 4189 1077 4252 Suabia,
1092 4189 1296 4238 brother
1344 4188 1514 4238 fourth
1538 4202 1649 4237 was
1679 4188 1875 4237 elected
1910 4205 1974 4238 on
1999 4190 2085 4238 the
2122 4187 2274 4237 death

372 4261 427 4311 of
446 4261 532 4310 the
566 4274 795 4322 emperor
821 4260 1055 4321 Conrad3
1087 4258 1152 4313 he
1174 4260 1295 4309 died
1345 4259 1404 4308 of
1429 4260 1643 4321 Eugene
1674 4258 1728 4306 in
1755 4262 1902 4322 1158,
1933 4260 2034 4309 and
2067 4258 2188 4307 died
2220 4259 2278 4305 in

367 4332 419 4380 in
440 4332 579 4381 June
604 4334 753 4383 1190.
1344 4330 1630 4380 December
1651 4332 1800 4379 11⁵4.

2271 694 2380 734 ΑΛ).
2402 694 2516 732 1151.

2267 745 2439 794 Legem
2457 743 2506 782 ot

2267 796 2340 835 the
2357 794 2482 833 death
2501 794 2550 832 of

2267 847 2340 885 the
2366 855 2572 894 emperor.

2288 3497 2397 3537 As).
2420 3497 2535 3535 1152.

2289 3546 2541 3587 Anastasius

2289 3597 2364 3638 IV.
2384 3606 2506 3647 pope.
