3108 5059
871 481 1001 545 174
1389 497 1659 546 noomu
1710 498 1804 544 nn
1850 497 2266 546 wrm-:novun

547 681 658 720 A».
682 683 795 722 nos.
871 676 1116 721 manus
1149 657 1478 739 effugere,
1525 657 1799 722 amissis
1850 658 2193 733 omnibus,
2247 656 2430 739 apud
2476 655 2782 720 Tarsum

873 757 1138 821 Ciliciae
1203 765 1699 836 convenerunt,
1766 765 1859 834 et,
1921 756 2248 821 defuncto
2308 757 2405 822 ibi
2472 756 2783 838 Hugone

872 876 1127 937 magno
1174 864 1245 921 et
1303 857 1374 920 in
1431 857 1725 922 ecclesia
1766 857 2069 922 doctoris
2118 857 2430 939 gentium
2482 858 2785 941 sepulto,

872 955 1317 1022 Antiochiam
1354 959 1645 1040 profecti
1673 964 1863 1034 sunt,
1894 957 2191 1040 indeque
2216 957 2781 1041 Hierosolymam

871 1057 1282 1121 festinantes
1315 1056 1691 1136 Tortosam
1724 1064 2213 1140 pervenerunt,
2243 1058 2621 1140 urbemque
2652 1059 2781 1122 ob-

869 1156 1137 1221 sidione
1179 1158 1525 1223 vallantes
1582 1157 1765 1222 infra
1814 1158 1963 1222 dies
2014 1176 2275 1240 paucos
2330 1158 2779 1222 obtinuerunt

871 1277 1050 1331 eam,
1121 1257 1390 1322 civibus
1458 1257 1891 1342 interemptis
1950 1265 2073 1322 aut
2148 1257 2562 1340 mancipatis
2619 1277 2781 1340 per-

871 1366 1102 1441 petuae
1135 1358 1482 1423 servituti.

1003 1531 1181 1612 Quod
1209 1553 1318 1596 rav
1339 1531 1914 1616 Hierosolymorum
1942 1542 2066 1597 tres
2094 1533 2375 1598 civitates
2396 1532 2643 1620 mbeyit.

544 1665 780 1763 gffinggffif·
791 1665 841 1705 of
999 1656 1146 1720 Sub
1205 1656 1314 1721 his
1376 1677 1657 1741 quoque
1710 1657 1952 1722 diebus
2015 1658 2088 1721 in
2164 1667 2372 1740 portu
2432 1659 2479 1723 J
2484 1659 2781 1742 oppensi

542 1765 800 1856 Jssssgffim
871 1775 1126 1838 magna
1178 1757 1225 1821 J
1231 1756 1640 1822 anuensium
1694 1758 1919 1822 classe
1974 1758 2295 1842 appulsa,
2350 1766 2423 1823 et
2471 1759 2543 1822 in
2597 1759 2778 1823 Pas·-

868 1856 1050 1922 chali
1129 1858 1571 1923 solemnitate
1645 1857 2210 1941 Hierosolymam
2288 1859 2775 1924 ascenderunt.

870 1956 1145 2022 Horum
1191 1977 1317 2024 rex
1353 1957 1797 2022 Hierusalem
1840 1957 2291 2023 Baldewinus
2334 1959 2553 2023 fultus
2598 1978 2775 2024 aux-

868 2057 990 2121 ilio
1030 2052 1288 2122 Assur¹
1329 2058 1661 2142 oppidum
1706 2057 2123 2122 maritimum
2166 2059 2439 2123 obsedit
2482 2066 2554 2125 et
2599 2059 2772 2124 illud

867 2163 1190 2238 potenter
1216 2157 1647 2242 subjugavit,
1696 2166 1792 2235 et,
1824 2159 1897 2222 in
1932 2178 2015 2222 eo
2049 2158 2455 2223 custodibus
2488 2159 2775 2239 relictis,

871 2255 1263 2321 Caesaream
1309 2277 1530 2342 usque
1578 2258 1935 2340 pervenit3
1984 2277 2195 2340 quam
2226 2278 2357 2322 rex
2385 2277 2543 2324 cum
2578 2263 2775 2342 mag-

869 2375 960 2420 no
989 2358 1226 2422 labore
1259 2375 1542 2423 suorum
1581 2357 1937 2423 effractam
1976 2358 2355 2440 ingressus,
2388 2357 2771 2425 interfectis

869 2455 1164 2536 civibus,
1191 2457 1418 2541 spolia
1450 2457 1701 2522 ibidem
1730 2458 2220 2542 impretiabilia
2250 2458 2573 2537 obtinuit,
2609 2479 2769 2543 quae

833 2557 1012 2621 ‘suis
1046 2556 1434 2623 auxiliariis
1467 2560 1756 2642 largiter
1782 2560 2121 2641 erogavit.
2226 2558 2400 2624 Erat
2430 2566 2663 2624 autem
2696 2562 2771 2625 in

867 2676 1008 2722 una
1045 2666 1245 2742 parte
1298 2659 1508 2744 hujus
1566 2659 1873 2725 civitatis
1922 2659 2255 2742 templum
2308 2660 2619 2736 deorum,
2677 2662 2767 2726 ad

866 2759 1051 2840 quod
1101 2760 1401 2844 populus
1444 2779 1661 2823 causa
1709 2759 2103 2824 obtinendae
2150 2759 2398 2823 salutis
2438 2760 2771 2843 confuge-

864 2866 1008 2938 rat3
1057 2859 1205 2936 sed,
1225 2860 1346 2925 illo
1377 2859 1757 2937 confracto,
1780 2866 1980 2924 tanta
2007 2860 2107 2924 ibi
2133 2866 2406 2942 strages
2425 2859 2617 2923 facta
2634 2870 2767 2939 est,

867 2966 947 3023 ut
993 2959 1236 3024 horror
1277 2968 1462 3025 esset
1505 2960 1885 3024 occisorum
1936 2959 2445 3025 multitudinem
2484 2960 2765 3027 intueri.

868 3057 956 3121 In
996 3059 1118 3124 illo
1162 3068 1394 3125 autem
1425 3060 1731 3125 oratorio
1766 3078 1891 3124 vas
1925 3058 2325 3124 viridissimi
2368 3061 2621 3125 coloris
2658 3082 2769 3125 re-

863 3166 1134 3240 pertum
1169 3169 1300 3239 est,
1321 3161 1393 3224 in
1421 3161 1699 3224 modum
1730 3159 2120 3243 paropsidis
2150 3158 2546 3238 formatum,
2579 3162 2767 3243 quod

862 3258 910 3323 J
915 3279 1254 3327 anuenses
1313 3260 1833 3343 smaragdinum
1887 3266 2292 3342 reputantes
2338 3279 2465 3343 pro
2508 3280 2770 3342 magna

861 3362 1175 3442 pecuniae
1229 3378 1502 3426 summa
1542 3367 1975 3443 receperunt,
2018 3367 2090 3424 et
2136 3379 2263 3442 pro
2314 3370 2569 3424 ornatu
2609 3381 2766 3443 pre-

861 3460 1044 3525 tioso
1108 3480 1254 3525 suae
1310 3460 1482 3525 illud
1549 3460 1860 3524 ecclesioe
1926 3459 2346 3523 obtulerunt.
2450 3458 2765 3527 Adducti

859 3568 1027 3625 sunt
1055 3568 1285 3626 autem
1337 3553 1572 3625 coram
1612 3579 1776 3642 rege
1820 3566 2231 3642 procurator
2276 3559 2607 3639 civitatiS,
2648 3564 2769 3645 qui

858 3659 1100 3743 lingua
1117 3682 1353 3727 eorum
1375 3660 1590 3743 Emyr
1616 3660 1890 3736 dicitur,
1910 3667 1981 3724 et
2003 3659 2369 3744 juridicuS,
2393 3660 2514 3742 qui
2532 3653 2557 3693 ²
2574 3661 2763 3726 Cad-

859 3762 991 3826 mis
1033 3763 1541 3846 appellabatur,
1588 3760 1711 3842 qui
1749 3779 1873 3843 spe
1911 3760 2235 3823 maximae
2268 3760 2765 3843 redemptionis

855 3872 1022 3927 sunt
1069 3863 1513 3947 compedibus
1557 3860 1957 3943 mancipati.
2064 3859 2225 3924 Rex
2279 3878 2443 3924 vero
2502 3861 2765 3929 consti-

933 4096 1165 4163 ¹Assur.]
1185 4099 1203 4127 ‘
1215 4098 1398 4159 Arsur,
1413 4097 1660 4160 oppidum
1677 4110 1783 4144 ma·
1830 4095 2018 4157 tipatro
2030 4096 2106 4143 sic
2122 4090 2446 4157 appellatus.‘
2485 4096 2770 4159 WiuJss-r.

856 4168 1079 4218 ritimum
1104 4204 1118 4218 .
1136 4203 1151 4218 .
1168 4204 1181 4219 .
1205 4168 1301 4217 Est
1323 4173 1492 4217 autem
1513 4167 1599 4216 hic
1619 4167 1783 4228 locus,
1832 4180 1885 4227 p.
1908 4168 2024 4215 783.

855 4240 946 4301 qui
980 4239 1082 4287 alio
1111 4237 1308 4287 nomine
1332 4236 1661 4299 Antipatrida
1689 4250 1782 4297 ap·
1902 4231 1923 4263 ²
1948 4234 2192 4299 Cadmis,]
2238 4250 2296 4284 or
2340 4249 2478 4285 more
2521 4238 2769 4301 properly

855 4310 1095 4371 pellatur,
1108 4310 1173 4358 ab
1192 4307 1416 4358 Herodis
1439 4307 1783 4370 genitoreAn-
1829 4304 2053 4356 ‘Cadius
2072 4304 2107 4367 ς’
2144 4304 2285 4355 will.
2306 4304 2429 4365 Tyr.
