3108 5059
844 498 1123 547 nonus
1170 499 1707 548 ms'ronmnum.
2095 482 2228 546 209

324 672 561 718 corum
617 655 840 738 perito
889 658 1228 741 originem
1273 666 1347 722 et
1394 677 1802 742 procursum
1845 658 2032 741 regis
2085 657 2218 724 Lo·
2247 675 2358 716 Am.
2381 678 2496 716 1128.

320 753 571 820 dowici
623 766 990 839 quaereret,
1027 757 1413 841 respondit,
1454 764 1474 792 ‘
1498 758 1774 841 Regum
1817 758 2218 842 potentissi-

321 853 477 932 me,’
498 856 845 939 inquienS,
878 865 898 893 ‘
928 859 1107 923 sicut
1130 859 1481 942 pleraeque
1502 867 1748 941 gentes
1773 859 2099 942 Europae,
2116 860 2218 925 ita

327 953 606 1034 Franci,
634 977 679 1021 a
699 958 1028 1044 Trojanis
1062 959 1400 1041 orig-inem
1432 958 1783 1024 duxerunt
1809 959 1854 1038 ;’
1888 966 1960 1024 et
1986 979 2143 1024 cum
2175 979 2218 1024 a

322 1057 599 1136 gemino
631 1077 767 1123 ovo
800 1079 1074 1124 omnem
1116 1079 1356 1141 regum
1391 1058 1709 1124 Franciae
1740 1059 2218 1141 genealogiam

323 1157 627 1222 texendo
658 1158 1087 1242 replicasset,
1111 1159 1201 1223 ad
1243 1158 1562 1224 ultimum
1593 1159 1984 1244 subjunxit,
2011 1165 2031 1193 ‘
2049 1159 2218 1224 Phi·

320 1253 575 1339 lippuS‚
628 1279 756 1322 rex
806 1259 1256 1337 Francorum,
1308 1260 1551 1341 genuit
1599 1258 2043 1323 Lodowicum
2092 1260 2212 1342 qui

320 1364 569 1438 regnat
606 1357 681 1422 in
718 1359 1070 1442 praesenti,
1114 1359 1259 1440 qui,
1294 1359 1355 1422 si
1395 1360 1766 1442 probitatis
1814 1366 2214 1424 antecessu*

322 1475 467 1519 rum
506 1476 788 1522 suorum
819 1459 1122 1541 vestigia
1157 1465 1445 1536 teneret,
1494 1466 1641 1524 tam
1669 1478 1911 1523 secure
1949 1460 2022 1523 in
2056 1479 2214 1542 reg·

323 1575 407 1620 no
451 1557 605 1641 ejus
659 1579 797 1622 non
843 1560 1235 1642 quiesceres
1257 1557 1296 1640 ;'
1356 1566 1521 1623 tunc
1565 1580 1692 1624 rex
1737 1560 2099 1624 subridens
2138 1561 2212 1624 in

325 1655 390 1721 N
392 1660 821 1724 ormanniam
872 1661 1230 1724 remeavit.
1334 1657 1644 1725 Advenit
1686 1667 1922 1724 autem
1971 1659 2213 1724 eodem

319 1763 627 1840 tempore
658 1779 703 1823 a
737 1760 1053 1843 partibus
1092 1757 1489 1824 Germaniae
1532 1759 1680 1824 dux
1713 1759 1992 1842 quidam
2025 1759 2209 1824 The-

317 1856 661 1939 odoricus,
700 1879 864 1942 rege
914 1859 1228 1924 Henrico
1278 1866 1722 1943 procurante,
1761 1859 2105 1924 hostiliter
2137 1861 2210 1923 in

320 1957 743 2037 Flandriam,
772 1961 1106 2043 quosdam
1129 1979 1448 2044 proceres
1482 1960 1948 2025 Flandrenses
1977 1978 2210 2024 secum
2247 1975 2254 1984 ·

316 2058 639 2140 trahens3
684 2060 805 2124 sed
834 2080 1063 2125 comes
1093 2060 1486 2126 willelmus
1526 2060 1804 2125 obviam
1834 2059 2025 2125 venit
2055 2079 2211 2124 cum

315 2160 555 2240 paucis
584 2161 977 2242 agminibus
1005 2161 1364 2226 ordinatis,
1433 2160 1837 2242 Pugnatum
1859 2167 1968 2224 est
1993 2159 2214 2224 utrinss

316 2279 449 2342 que
502 2259 824 2339 viriliter,
880 2262 999 2326 sed
1050 2261 1293 2325 consul
1350 2260 1800 2325 Flandrensis
1853 2280 2210 2324 numerum

314 2365 619 2438 suorum,
666 2380 823 2425 cum
874 2362 1081 2444 pauci
1124 2367 1383 2439 essent,
1436 2360 1822 2425 invincibili
1867 2361 2213 2443 probitate

314 2461 684 2544 supplebat
710 2480 727 2543 3
779 2468 1105 2527 cruentus
1134 2462 1315 2526 enim
1344 2461 1419 2524 in
1448 2461 1661 2525 armis
1689 2479 1854 2524 ense
1882 2458 2210 2524 fulmineo

313 2580 568 2627 cuneos
618 2561 920 2626 hostium
982 2562 1314 2640 findebat,
1366 2580 1493 2626 nec
1548 2567 1926 2644 potuerunt
1974 2560 2208 2625 hostes

312 2660 617 2743 perferre
669 2662 974 2727 terribile
1033 2661 1306 2744 pondus
1363 2660 1628 2725 brachii
1672 2658 1977 2744 juveniS,
2021 2659 2208 2741 fugae

312 2761 523 2826 dediti
563 2769 637 2826 et
668 2761 1087 2827 horribiliter
1119 2761 1459 2844 dissipati.
1523 2760 1963 2825 Victoriosus
1993 2759 2209 2841 igitur

310 2881 541 2926 comes
608 2860 1029 2939 willelmae,
1095 2862 1258 2926 dum
1322 2868 1630 2926 castrum
1674 2853 1900 2942 1Αιιςί
1966 2867 2211 2925 contra

312 2982 545 3044 regem
584 2961 970 3027 Henricum
1009 2962 1394 3026 obsedisset
1433 2968 1504 3025 et
1546 2961 1621 3023 in
1660 2960 1966 3024 crastino
2014 2960 2210 3024 reddi

311 3062 689 3140 debuisset,
734 3062 1051 3126 hostibus
1091 3062 1243 3147 jam
1286 3080 1486 3144 paene
1526 3059 1948 3145 subjugatis,
1987 3079 2208 3143 parvo

312 3163 599 3227 vnlnere
659 3163 842 3227 idem
901 3162 1182 3247 juvenis
1242 3163 1315 3225 in
1377 3180 1589 3225 manu
1644 3160 1786 3225 telo
1841 3179 2209 3242 percussus

312 3263 604 3341 interiit,
660 3262 784 3327 sed
840 3269 1074 3326 tamen
1141 3268 1455 3325 mortuus
1516 3259 1771 3323 samam
1831 3260 2210 3343 promeruit

311 3370 668 3428 aeternam.
775 3362 1036 3427 Eodem
1092 3382 1275 3427 anno
1333 3355 1358 3393 ²
1371 3359 1723 3425 Ranulfus
1789 3359 2212 3423 Dunelmen-

310 3464 405 3528 sis
436 3471 512 3528 et
544 3462 941 3529 Willelmus
973 3461 1481 3529 Wintoniensis
1526 3460 1833 3544 episcopi
1865 3460 2208 3536 obierunt,

312 3571 381 3628 et
425 3564 768 3647 magister
808 3557 1061 3646 ⁸Hugo
1112 3563 1198 3627 de
1245 3562 1504 3627 Sancto
1549 3558 1842 3625 Victore
1883 3560 2212 3651 chronica

312 3683 439 3728 sua
468 3663 607 3729 huc
636 3682 856 3747 usque
887 3664 1198 3747 digessit.

381 3847 399 3881 ¹
422 3849 609 3915 Aug-23]
632 3866 689 3900 or
709 3851 811 3900 Eu.
869 3850 1093 3899 William
1116 3848 1237 3898 died
1288 3848 1367 3896 his
1390 3846 1553 3896 ‘death
1587 3846 1675 3894 the
1710 3859 1796 3895 see
1839 3843 2094 3893 remained
2127 3858 2215 3893 va-

314 3920 371 3969 of
396 3937 429 3970 a
460 3922 650 3971 wound
687 3920 921 3970 received
956 3920 1009 3969 in
1030 3919 1149 3969 Alst
1182 3933 1240 3967 or
1287 3922 1406 3968 cant
1425 3917 1521 3965 five
1542 3928 1724 3977 γεω-ες
1759 3915 1970 3975 Turgot.

316 3992 479 4053 Alost,
513 3991 752 4053 besieged
787 3991 856 4051 by
889 3989 973 4039 the
1010 3990 1149 4039 duke
1188 3988 1245 4037 of
1357 3984 1380 4019 ⁸
1400 3988 1553 4050 Hugo
1577 3988 1635 4035 de
1658 3986 1836 4034 Sancto
1867 3984 2103 4047 Victore]
2127 3984 2212 4032 He

320 4062 565 4123 Louvain,
608 4062 694 4111 the
742 4060 860 4109 12th
896 4060 1042 4124 July.
1115 4061 1241 4109 Rec.
1290 4057 1412 4107 died
1453 4059 1506 4106 in
1548 4060 1676 4105 1140
1711 4070 1769 4103 or
1805 4058 1953 4115 1142,
1988 4054 2212 4115 scarcely

316 4132 406 4181 des
428 4132 571 4181 Hist.
590 4133 702 4181 xiii.
725 4147 777 4193 p.
805 4134 917 4180 390.
1292 4128 1566 4189 forty-t'our
1597 4139 1746 4187 years
1784 4125 1842 4173 of
1875 4139 1971 4186 age
1987 4139 2003 4185 ;
2081 4124 2214 4185 Pagi

382 4198 663 4262 ²Rannlt'm
690 4200 1077 4264 Dunelmensiss]
1094 4200 1247 4261 Upon
1295 4199 1360 4248 ad
1384 4213 1466 4247 an.
1492 4200 1642 4257 1140,
1661 4196 1689 4259 ς
1711 4196 1782 4245 ix.
1945 4199 1950 4208 “

419 4343 575 4391 VOL.
610 4343 684 4390 11.
1880 4336 1918 4380 P
