3108 5059
523 669 636 709 ΑΙ).
658 669 772 711 1074.

519 1366 630 1405 Δ.Ῐ).
655 1366 767 1407 1075.

520 1861 586 1900 Wi
577 1860 706 1901 'Illam
724 1861 771 1902 In

519 1912 742 1963 Britanny.

965 462 1019 475 ,-

857 478 944 544 16
1377 497 1650 545 uocum
1694 498 1793 561 »ιι
1838 496 2253 546 wmmovssn

851 653 1060 720 lelmo
1089 655 1418 736 congredi
1452 675 1591 719 non
1628 655 1985 720 audentes·
2068 654 2332 719 Eodem
2360 673 2543 719 anno
2564 649 2583 686 ¹
2600 654 2764 719 Edi-

849 753 974 818 tha
1004 755 1273 836 regina,
1293 755 1559 819 decimo
1578 753 1825 839 quinto
1854 754 2190 820 kalendas
2212 754 2259 819 J
2264 755 2557 831 anuarii
2577 755 2762 838 apud

846 853 1280 920 wintoniam
1345 856 1679 936 migravit
1730 855 1818 920 ad
1876 855 2277 934 Dominum,
2327 862 2422 932 et,
2463 855 2756 939 jubente

847 972 1038 1035 rege,
1093 955 1282 1037 apud
1318 954 2019 1033 westmonasterium
2066 955 2345 1037 sepulta
2390 960 2498 1019 est
2550 955 2764 1039 juxta

847 1054 1074 1118 virum
1107 1073 1309 1117 suum
1343 1074 1578 1137 regem
1613 1054 2055 1119 Edwardum.

1112 1224 1288 1303 Quod
1316 1245 1502 1291 eomes
1540 1224 1911 1311 Woltlaeofus
1938 1225 2140 1313 capite
2154 1224 2485 1311 privatur.

953 1345 1156 1413 Anno
1187 1348 1470 1413 Domini
1507 1365 1799 1414 MLXXV.
1834 1370 1961 1413 rex
1990 1349 2383 1415 Willelmus
2428 1350 2761 1433 praecepit

846 1447 1318 1512 Weltheofum
1361 1448 1683 1513 comitem
1730 1448 1805 1512 in
1836 1448 2199 1514 Wintonia
2243 1467 2457 1530 poena
2504 1450 2755 1532 capitis

843 1548 1131 1629 privari,
1165 1555 1238 1612 et
1265 1555 1468 1611 extra
1502 1548 1859 1613 civitatem
1904 1549 1977 1611 in
2011 1548 2199 1614 bivio
2228 1548 2551 1631 sepeliri3
2604 1549 2753 1625 sed,

845 1666 1176 1729 processu
1199 1648 1556 1730 temporiS,
1584 1666 1838 1730 corpus
1861 1647 1923 1731 ej
1932 1667 2015 1711 us
2038 1647 2363 1712 effossum
2389 1648 2478 1711 ad
2504 1648 2756 1730 sepeli-

847 1746 1098 1811 endum
1117 1766 1272 1810 cum
1291 1766 1547 1830 magno
1566 1746 1831 1813 honore
1845 1746 2312 1812 Groilandiam
2324 1747 2752 1830 deportatur.

846 1844 954 1911 Ac
976 1846 1225 1912 deinde
1249 1867 1376 1911 rex
1405 1847 1494 1911 ad
1516 1845 2046 1912 Armoricanam
2066 1847 2505 1911 Britanniam
2530 1853 2758 1911 trans-

844 1946 993 2009 iens
1037 1946 1346 2011 Dolense
1399 1953 1705 2011 castrum
1758 1947 2053 2024 obsedit,
2102 1946 2225 2011 sed
2272 1966 2401 2010 rex
2447 1946 2754 2011 Franco-

843 2066 996 2110 rum
1047 2045 1393 2111 hostiliter
1425 2047 1921 2128 superveniens
1976 2065 2177 2110 omne
2222 2046 2325 2109 eis
2368 2046 2751 2110 subsidium

843 2145 1059 2210 vitale
1103 2146 1476 2227 subtegat;
1541 2145 1723 2211 unde
1759 2166 1909 2223 rex,
1943 2145 2298 2210 obsidione
2331 2144 2640 2223 dimissa,
2675 2147 2751 2210 in

842 2263 1121 2310 recessu
1165 2264 1294 2309 suo
1344 2243 1599 2309 milites
1642 2246 1899 2310 multos
1942 2252 2014 2308 et
2046 2264 2263 2327 equos
2304 2264 2463 2309 cum
2506 2246 2750 2328 opibus

841 2344 1094 2408 ibidem
1151 2345 1406 2409 amisit.
1513 2344 1669 2409 Nec
1714 2345 1936 2409 multo
1989 2350 2152 2427 post
2198 2363 2399 2427 reges
2453 2346 2752 2426 praefati,

842 2443 1006 2508 licet
1044 2445 1239 2508 brevi
1286 2451 1619 2526 tempore,
1655 2445 1727 2509 in
1768 2445 2209 2508 concordiam
2250 2452 2746 2509 convenerunt.

789 2543 795 2548 “
844 2543 1107 2609 Eodem
1142 2564 1326 2609 anno
1357 2546 1538 2609 idem
1564 2544 1982 2620 Willelmusb
2010 2545 2123 2608 die
2156 2552 2400 2609 sancto
2430 2543 2747 2624 Paschae,

841 2643 915 2707 in
969 2644 1263 2710 ecclesia
1308 2644 1689 2710 Fischanni
1736 2643 1951 2708 filiam
2002 2662 2202 2708 suam
2249 2643 2576 2709 Geciliam
2627 2647 2751 2709 ob-

840 2744 1006 2808 tulit
1038 2744 1193 2808 Deo
1224 2745 1785 2810 consecrandam.
1889 2744 2029 2807 Per
2060 2744 2243 2808 idem
2286 2750 2563 2826 tempus
2594 2744 2744 2808 Ro-

841 2844 1102 2920 bertuS,
1136 2843 1471 2909 Willelmi
1513 2844 1701 2925 regis
1740 2843 1948 2920 filius,
1984 2844 2097 2906 cui
2138 2843 2323 2906 idem
2361 2863 2512 2920 rex,
2548 2852 2746 2908 an‘te-

841 2961 1052 3024 quam
1085 2941 1418 3024 Angliam
1452 2941 1887 3026 subjugaret,
1924 2941 2428 3006 Normanniam
2463 2942 2750 3010 dederat

843 3061 1076 3105 coram
1097 3042 1426 3126 Philippo
1446 3043 1877 3108 Francorum
1896 3061 2085 3123 rege,
2102 3036 2335 3121 'nunc,
2360 3043 2526 3125 quia
2545 3051 2747 3126 pater

843 3141 985 3206 filio
1045 3162 1200 3206 eam
1254 3142 1606 3226 possidere
1670 3162 1812 3206 non
1866 3142 2335 3225 permittebat,
2392 3141 2745 3207 Robertus

844 3241 1214 3307 Franciam
1247 3243 1440 3319 adiit,
1473 3249 1544 3306 et
1574 3242 1837 3306 auxilio
1872 3241 2181 3325 ejusdem
2210 3243 2395 3323 regis
2421 3261 2746 3323 magnam

839 3339 1234 3423 frequenter
1278 3343 1351 3406 in
1395 3341 1833 3406 Normannia
1880 3341 2187 3424 praedam
2231 3342 2513 3424 agebat,
2539 3342 2746 3406 villas

840 3441 1312 3518 comburebat,
1377 3441 1687 3506 homines
1750 3441 2155 3524 perimebat,
2214 3448 2285 3505 et
2356 3440 2545 3524 patri
2612 3461 2741 3508 suo

840 3559 980 3603 non
1022 3540 1362 3604 modicam
1389 3543 1813 3605 anxietatem
1854 3547 1925 3604 et
1966 3540 2352 3606 molestiam
2378 3540 2741 3606 inferebat.

842 3639 1047 3704 Unde
1103 3661 1231 3704 rex
1284 3639 1704 3718 WillelmuS‚
1768 3648 2015 3705 contra
2076 3640 2461 3705 Robertum
2524 3641 2742 3706 filium

835 3759 1038 3804 suum
1073 3740 1330 3804 bellum
1358 3759 1599 3822 agenS,
1622 3734 1845 3822 ³apud
1876 3738 2211 3804 Gerberai
2238 3746 2540 3803 castrum
2569 3739 2744 3806 Gal-

910 3999 928 4032 ¹
953 4005 1056 4053 Ede
1037 4000 1241 4072 witha]
1261 4003 1603 4069 Eadgithfeo,’
1643 4007 1765 4058 Sax.
1819 4002 2007 4055 Clu-on.
2031 4006 2131 4054 and
2158 4005 2415 4066 Florenoe,
2436 4007 2489 4054 in
2512 4007 2595 4056 the
2618 4022 2742 4068 year

840 4071 1028 4124 chron.
1819 4077 1968 4136 10⁷9,
2010 4075 2167 4124 relate
2210 4075 2321 4124 that
2357 4075 2583 4125 william
2628 4093 2740 4128 was

906 4171 1181 4246 Nm]
1402 4178 1520 4241 c
1813 4145 2414 4276 mm
2394 4145 2741 4280 aar&

907 4272 1096 4338 'Apud
1135 4275 1415 4340 Ger-herai]
1455 4275 1563 4326 The
1596 4278 1765 4327 Saxon
1815 4299 1943 4346 gave
1965 4300 2036 4346 up
2060 4283 2139 4334 his
2161 4297 2277 4334 own
2299 4283 2445 4335 horse
2470 4289 2520 4334 to
2542 4287 2663 4337 him.
