3108 5059
787 463 920 534 424
1300 482 1570 530 nocam
1619 481 1713 530 na
1757 479 2179 529 wannovnn

471 651 582 694 ΛΦ·
604 651 716 692 ¹¹⁸⁷·
792 636 1180 706 Aconensis
1228 646 1298 704 et
1343 645 1730 723 praecentor
1768 634 2117 702 Dominici
2163 633 2535 718 sepulchri,
2580 635 2699 700 ille

793 760 1018 805 caesus
1063 747 1135 805 et
1176 739 1310 804 iste
1370 745 1620 822 captus
1678 735 1941 822 pariter
1984 755 2140 802 cum
2182 735 2342 819 ipsa
2381 754 2697 801 succum-

793 842 1006 921 bunt3
1066 840 1304 923 sicque
1365 839 1641 922 capitur
1700 857 1873 901 crux
1918 844 2164 901 sancta
2207 842 2494 919 propter
2534 856 2696 919 pec-

795 947 957 1005 cata
997 939 1380 1017 hominum,
1425 945 1521 1015 et,
1551 957 1709 1021 quae
1738 955 1867 1002 nos
1910 957 1955 1002 a
1997 935 2220 1002 veteri
2265 933 2697 1020 captivitatis

786 1040 965 1125 jugo
999 1039 1326 1116 absolvit,
1359 1058 1490 1122 pro
1521 1038 1722 1102 nobis
1776 1038 2059 1120 captiva
2100 1035 2379 1101 ducitur
2420 1045 2493 1101 et
2535 1055 2696 1119 pro-

795 1139 980 1206 fanis
1013 1140 1376 1224 gentilium
1409 1137 1729 1203 manibus
1761 1143 2259 1202 contrectatur.

813 1373 822 1378 .
871 1313 1056 1390 Quod
1083 1321 1300 1380 sancta
1329 1313 1552 1378 civitas
1584 1333 1723 1378 cum
1755 1319 1882 1376 tota
1891 1309 2039 1398 fere
2073 1318 2245 1376 terra
2270 1309 2629 1397 Hierosoly·

1191 1414 1438 1478 mitam
1469 1435 1513 1477 α
1548 1412 1898 1477 Salaadino
1926 1410 2316 1498 subjuyatur.

471 1549 710 1590 eontinued
918 1531 1362 1603 Salaadinus¹
1428 1537 1668 1620 itaque
1716 1537 2013 1604 victoria
2069 1537 2335 1620 potitus
2386 1534 2700 1600 Tiberia-

469 1601 706 1691 &32⁰¹
792 1635 947 1704 dem
991 1639 1386 1716 revertitur,
1420 1644 1515 1716 et,
1560 1637 1710 1702 solo
1752 1637 2077 1720 praesidio
2109 1637 2296 1721 quod
2339 1645 2701 1719 supererat

794 1747 1027 1824 capto,
1061 1759 1297 1821 regem
1338 1757 1498 1803 cum
1545 1738 1817 1802 caeteris
1856 1755 2033 1820 quos
2075 1743 2355 1820 ceperat
2398 1736 2699 1801 Damas-

795 1857 952 1903 cum
985 1839 1392 1903 transmisit.
1470 1837 1745 1914 Deinde
1779 1837 2149 1902 Galilaeam
2177 1835 2514 1903 invadens
2544 1837 2699 1901 uni-

795 1958 999 2003 versa
1036 1959 1162 2022 pro
1200 1939 1402 2003 libitu
1451 1937 1837 2021 occupavit,
1882 1945 1954 2002 et
1991 1937 2275 2002 veniens
2317 1937 2702 2002 Ptolomai-

796 2039 953 2104 dam
996 2041 1145 2104 sine
1175 2037 1534 2119 sanguinis
1567 2057 1720 2102 eam
1754 2037 2084 2102 effusione
2126 2038 2458 2120 suscepit.
2524 2036 2699 2102 Inde

799 2137 1362 2224 Hierosolymam
1407 2137 1747 2202 festinans
1800 2139 2040 2202 urbem
2100 2136 2393 2216 obsidet,
2440 2137 2700 2202 machi-

797 2257 924 2302 nas
957 2238 1030 2302 in
1063 2259 1310 2322 gyrum
1345 2239 1571 2318 locat3
1618 2239 1806 2303 cives
1834 2256 2010 2320 quas
2041 2245 2336 2321 possunt
2364 2237 2701 2302 defensio-

797 2357 923 2402 nes
963 2338 1322 2424 objiciunt,
1357 2338 1476 2401 sed
1511 2357 1739 2415 arcuS,
1769 2337 2067 2416 balistae,
2099 2338 2423 2422 petrariae
2454 2337 2703 2404 effectu

799 2444 1040 2503 carent
1093 2446 1164 2502 et
1210 2438 1550 2502 inutiliter
1606 2444 2177 2516 contrectantur3
2235 2438 2488 2520 vulgus
2534 2457 2701 2502 vero·

797 2540 1126 2623 pavidum
1187 2540 1276 2603 ad
1333 2538 1800 2622 patriarcham
1853 2545 1925 2603 et
1974 2539 2309 2622 reginam,
2360 2539 2483 2621 qui
2534 2542 2702 2604 tunc

796 2640 953 2703 urbi
978 2646 1350 2722 praeerant,
1382 2639 1705 2703 flebiliter
1732 2639 2133 2722 supplicans
2162 2640 2403 2718 instat,
2434 2647 2515 2703 ut
2543 2659 2699 2705 cum

683 2733 690 2737 ’
798 2738 1176 2803 Salaadino
1218 2739 1303 2802 de
1348 2740 1518 2803 urbe
1566 2740 1905 2804 tradenda
1950 2738 2392 2804 conveniant.
2456 2739 2702 2805 Pactio

797 2835 1075 2903 tandem
1109 2838 1475 2903 intercedit
1507 2841 1733 2921 magis
1762 2838 2058 2904 dolenda
2074 2858 2292 2922 quam
2322 2859 2703 2905 memoran-

798 2937 912 3015 da,
967 2958 1153 3015 nam,
1203 2938 1457 3020 singuli
1505 2940 1755 3022 capitis
1802 2939 1913 3002 sui
1965 2950 2249 3003 censum
2292 2946 2699 3019 statuenteS,

797 3037 906 3101 vir
935 3036 1274 3103 bisantios
1304 3038 1566 3115 decem,
1599 3038 1845 3103 mulier
1870 3038 2200 3123 quinque,
2227 3039 2455 3103 infans
2486 3058 2701 3105 unum

797 3138 1245 3220 persolveret,
1294 3144 1366 3203 et
1409 3138 1723 3222 quisquis
1767 3139 1890 3221 qui
1940 3138 2025 3202 ad
2073 3137 2225 3203 haec
2267 3158 2406 3204 non
2448 3138 2703 3205 sufficit

799 3244 1151 3302 teneretur
1184 3239 1542 3321 captivus3
1590 3246 1790 3303 erant
1831 3246 2064 3304 autem
2103 3239 2176 3302 in
2214 3238 2499 3305 civitate
2526 3260 2701 3325 qua·-

799 3337 1178 3402 tuordecim
1222 3337 1440 3401 millia
1483 3339 1845 3422 utriusque
1896 3357 2112 3402 sexus
2156 3338 2535 3418 hominum,
2577 3342 2701 3424 qui

801 3437 887 3500 ad
931 3437 1062 3501 hoc
1107 3456 1247 3501 non
1299 3436 1715 3503 sufficientes
1750 3438 1999 3523 jugum
2049 3438 2413 3504 subierunt
2454 3460 2701 3524 perpe·-

799 3543 942 3600 tuae
966 3536 1345 3601 servitutis,
1387 3531 1414 3568 ²
1428 3538 1735 3602 Reddita
1754 3544 1863 3602 est
1879 3538 2128 3602 civitas
2146 3546 2392 3604 sancta
2408 3540 2701 3606 inimicis

801 3635 1086 3715 Christi,
1120 3644 1190 3702 et
1224 3637 1662 3719 sepulchrum
1705 3636 2083 3721 possident,
2119 3640 2237 3721 qui
2268 3658 2697 3723 persequun-

797 3744 916 3801 tur
972 3737 1377 3820 Sepultum3
1451 3757 1725 3802 crucem
1784 3744 2045 3815 tenent,
2100 3738 2218 3820 qui
2273 3737 2699 3806 Crucifixum

797 3836 1304 3920 blasphemant.
1368 3837 1736 3921 Ingressus
1779 3838 2014 3921 itaque
2058 3838 2413 3905 civitatem
2457 3840 2701 3905 Salaa-

865 4066 883 4099 ¹
909 4066 1252 4138 Salamina]
1295 4071 1449 4122 Bern.
1471 4072 1721 4123 Thesaur.
1772 4084 1838 4121 on
1872 4070 1959 4122 the
1992 4072 2113 4122 Isth
2147 4072 2389 4125 October.
2483 4074 2581 4125 See
2612 4073 2699 4125 the

799 4140 898 4189 col.
922 4142 1041 4200 794,
1060 4154 1159 4203 seq.
1773 4148 1989 4193 account
2024 4144 2084 4192 of
2115 4143 2182 4192 its
2216 4148 2427 4206 capture
2462 4145 2534 4206 by
2568 4145 2703 4209 Cog-

1774 4212 1979 4275 geshale
2000 4228 2015 4274 ς
2049 4214 2302 4276 Man-tene,
2324 4215 2461 4265 Vett.
2490 4216 2697 4279 Scriptt.

865 4272 886 4305 ²
908 4274 1124 4326 Reddita
1168 4280 1241 4326 est
1283 4277 1459 4328 civitas
1505 4273 1735 4348 nactast,
1774 4288 1892 4336 tom.
1916 4299 1966 4334 v.
1990 4285 2085 4334 col.
2110 4288 2226 4348 56⁷,
2246 4300 2375 4349 seqq.
