3108 5059
491 639 602 678 ΑΛ).
624 638 737 679 1072.

494 690 679 738 Legend.

495 1532 702 1575 Question
718 1534 764 1573 of

492 1584 750 1633 precedency

491 1634 680 1673 between
705 1636 780 1675 the

493 1694 586 1722 seen
604 1685 652 1723 of
664 1684 771 1723 Can-

493 1734 667 1783 terbury
684 1736 769 1774 and

493 1783 628 1823 York.

497 4016 607 4055 A.D.
631 4013 742 4055 10⁷3.

2170 380 2193 411 δ

823 448 908 512 12
1327 462 1597 509 uocum
1645 463 1741 509 οε
1786 461 2201 511 wmwovmt

821 625 1032 698 runt;
1101 626 1196 695 et,
1255 618 1363 682 his
1423 617 1654 695 dictis,
1708 618 1940 699 imago
1995 619 2303 683 defuncti
2366 620 2732 702 disparuit.

820 717 1020 781 Tunc
1055 718 1324 794 vivenS‚
1364 718 1567 781 bonis
1602 718 1747 781 suis
1783 719 2101 782 omnibus
2136 738 2261 802 per
2295 720 2625 785 ecclesias
2661 729 2735 785 et

820 836 1076 897 egenos
1144 817 1556 894 distributis,
1618 825 1938 882 sanctum
2002 817 2362 883 Melanum
2426 819 2600 883 adiit
2661 827 2735 884 et

819 916 1132 980 habitum
1166 917 1504 997 mutavit3
1551 936 1791 981 omnes
1838 917 2200 983 audientes
2230 918 2625 1000 ‚admonens
2660 927 2736 983 et

819 1016 1134 1081 videntes
1182 1016 1268 1080 de
1313 1017 1545 1081 subita
1589 1017 2038 1081 conversione
2092 1036 2225 1083 sua
2275 1027 2355 1083 ut
2398 1019 2732 1095 dicerent,

820 1120 840 1148 ‘
873 1114 1054 1179 Haec
1085 1123 1194 1181 est
1221 1116 1519 1180 mutatio
1547 1115 1857 1181 dexterae
1896 1117 2226 1181 Excelsi.’

880 1287 983 1351 De
1015 1287 1409 1353 ventilatione
1441 1310 1640 1353 causae
1668 1288 1830 1353 inter
1858 1288 2137 1353 ecclesias
2172 1290 2681 1354 Cantuariemom

1498 1398 1557 1452 et
1585 1385 2046 1452 Eboraconsem.

921 1511 1182 1575 Eodem
1215 1532 1398 1577 anno
1423 1505 1644 1595 ¹apud
1669 1511 2227 1577 windleshoram
2259 1532 2351 1577 ex
2380 1521 2734 1596 praecepto

819 1608 1210 1676 Alexandri
1240 1632 1467 1695 papae,
1508 1632 1673 1693 rege
1716 1613 1928 1676 etiam
1961 1612 2315 1677 Willelmo
2360 1620 2734 1689 annuente,

818 1711 892 1775 in
943 1712 1318 1793 praesentia
1366 1711 1671 1776 Huberti
1719 1712 2060 1776 Romanae
2124 1712 2432 1776 ecclesiae
2487 1712 2731 1794 legati,

819 1812 1161 1875 ventilata
1203 1819 1312 1876 est
1355 1831 1568 1876 causa
1607 1812 1693 1875 de
1731 1812 2033 1893 primatu
2080 1812 2389 1877 ecclesiae
2421 1811 2730 1876 Cantua-

818 1911 1066 1976 riensis
1111 1931 1321 1995 super
1357 1911 1721 1975 ecclesiam
1758 1912 2287 1975 Eboracensem.
2396 1911 2535 1975 Ubi
2568 1918 2726 1974 tan-

819 2009 976 2073 dem
1008 2011 1448 2093 antiquarum
1483 2011 2015 2075 auctoritatibus
2048 2012 2545 2093 scripturarum
2574 2002 2734 2092 pro-

817 2109 1057 2174 batum
1103 2118 1211 2173 est
1249 2116 1321 2173 et
1366 2118 1745 2186 ostensum,
1781 2109 1967 2192 quod
2016 2110 2471 2174 Eboracensis
2516 2109 2730 2174 eccle-

819 2210 923 2273 sia
956 2209 1206 2272 debeat
1235 2208 1595 2292 subjacere
1631 2209 1940 2272 ecclesiae
1968 2208 2479 2285 cantuariensi,
2513 2216 2584 2273 et
2618 2210 2725 2291 ip·

820 2308 966 2371 sius
1015 2295 1539 2390 archiepiscopi,
1580 2315 1662 2371 ut
1703 2310 2021 2391 primatis
2071 2309 2289 2373 totius
2320 2309 2730 2386 Britanniae,

819 2408 1384 2489 dispositionibus
1429 2408 1504 2473 in
1548 2409 1865 2471 omnibus
1919 2427 2076 2490 quae
2122 2408 2211 2471 ad
2263 2406 2729 2472 Christianam

819 2508 1169 2591 pertinent
1217 2507 1623 2590 religionem
1662 2506 1956 2572 fideliter
1995 2508 2316 2587 obedire3
2373 2508 2477 2572 ita
2518 2508 2730 2590 quod,

820 2608 883 2670 si
927 2607 1484 2690 archiepiscopus
1520 2607 2041 2672 Cantuariensis
2082 2607 2447 2671 concilium
2482 2626 2731 2689 cogere

820 2707 1119 2772 voluerit
1160 2709 1550 2790 ubicunque
1596 2706 1727 2770 sibi
1770 2708 1941 2770 utile
1989 2707 2215 2771 visum
2258 2707 2490 2784 fuerit,
2549 2707 2732 2772 Ebo-

823 2806 1127 2870 racensis
1159 2807 1741 2889 archiepiscopuS‚
1776 2827 1933 2870 cum
1964 2806 2279 2870 omnibus
2310 2806 2453 2870 suis
2479 2807 2728 2870 suffra—

823 2906 1063 2988 ganeis
1104 2913 1175 2970 et
1219 2906 1550 2990 subjectis
1584 2906 1876 2982 clericiS‚
1912 2906 2019 2969 sui
2053 2907 2496 2989 praesentiam
2527 2905 2727 2970 exhi-

820 3006 982 3070 beat
1043 3005 1332 3088 ejusque
1377 3006 1733 3070 canonicis
1778 3005 2349 3087 dispositionibus
2395 3006 2723 3069 obediens

822 3106 1104 3170 existat.
1219 3105 1783 3169 Benedictionem
1842 3106 2050 3168 etiam
2117 3105 2578 3186 episcopalem
2639 3106 2727 3168 ab

823 3205 977 3286 ipso
1031 3206 1236 3269 debet
1289 3206 1627 3287 accipere,
1673 3211 1744 3267 et
1792 3204 1855 3267 ei
1903 3205 2305 3268 canonicam
2356 3204 2729 3286 professio—

823 3324 1005 3381 nem,
1063 3305 1298 3368 addito
1342 3304 1768 3388 juramento,
1812 3311 2168 3385 praestare.
2276 3303 2467 3367 Huic
2512 3305 2731 3385 igitur

822 3403 1300 3467 constitutioni
1349 3409 1849 3467 consenserunt
1890 3422 2017 3466 rex
2062 3402 2397 3485 praefatus
2442 3409 2514 3466 et
2546 3403 2727 3467 Lan-

819 3502 1100 3566 francus
1155 3502 1713 3584 archiepiscopus
1745 3501 2268 3566 cantuariensis
2314 3509 2386 3566 et
2418 3502 2726 3566 Thomas

820 3601 1378 3685 archiepiscopus
1411 3602 1892 3678 EboracensiS,
1926 3621 2078 3665 cum
2130 3600 2464 3685 praedicto
2508 3602 2726 3666 cardi-

822 3702 964 3766 nali
998 3709 1069 3766 et
1099 3703 1415 3767 omnibns
1449 3701 1792 3784 episcopis
1822 3701 2294 3773 et-abbatibus
2325 3703 2545 3784 regni.

976 3875 1154 3955 Quod
1179 3897 1286 3938 rece
1328 3873 1675 3940 Willelmus
1708 3875 2183 3939 Oenomanniam
2212 3873 2582 3959 subjuyavit.

920 3996 1128 4063 Anno
1165 3999 1446 4062 Domini
1483 4015 1819 4063 MLxxlu.
1850 4019 1978 4063 rex
2009 3998 2403 4064 Willelmus
2431 4000 2504 4061 in
2537 3997 2725 4063 Nor-

893 4170 1080 4238 ¹Apud
1127 4173 1532 4223 windleshoram.
1559 4174 1582 4237 ]
1637 4175 1745 4224 The
1801 4176 2001 4236 printed
2036 4176 2090 4223 in
2112 4175 2357 4237 wilkins,
2382 4175 2579 4225 Concil.
2600 4175 2637 4224 i.
2672 4190 2727 4236 p.

821 4245 1152 4306 proceedings
1189 4244 1248 4292 of
1275 4242 1378 4292 this
1422 4244 1623 4293 council
1658 4259 1745 4294 are
1799 4249 1911 4294 324.
