3108 5059
812 451 946 516 274
1329 467 1601 516 noema
1649 468 1745 516 nn
1791 467 2208 516 wimnovmz

495 644 752 686 Amnum
817 627 1175 692 obsidione
1219 626 1534 703 vallavit,
1580 633 1653 690 et
1692 625 2025 691 diuturna
2070 626 2311 690 urbem
2356 624 2733 689 afflictione

821 727 1215 810 opprimens
1261 727 1387 790 tali
1422 745 1577 790 eam
1620 725 2019 790 conditione
2062 725 2389 802 obtinuit,
2435 734 2516 788 ut
2547 725 2734 788 Tur-

824 827 914 904 ci,
961 827 1082 909 qui
1132 825 1203 889 in
1257 826 1414 908 ipsa
1472 833 1699 901 erant,
1749 845 1907 890 cum
1961 826 2322 901 uxoribus,
2373 825 2609 889 liberis
2660 832 2735 888 et

825 926 970 990 suis
1023 926 1339 990 omnibus
1393 926 1684 990 liberum
1733 924 1894 990 inde
1949 924 2285 990 haberent
2341 943 2731 1003 recessum3

826 1026 1112 1090 civitate
1135 1026 1350 1106 igitur
1379 1026 1527 1106 regi
1571 1027 1955 1108 resignata,
1981 1011 2326 1090 eoncessit
2352 1043 2507 1089 eam
2530 1024 2733 1088 fratri

827 1141 956 1189 suo
986 1124 1033 1189 J
1037 1126 1326 1208 oppensi
1357 1125 1596 1190 comiti
1627 1126 1713 1189 de
1742 1144 1819 1190 se
1851 1125 2245 1190 tenendam.

1215 1297 1318 1361 Do
1348 1297 1481 1361 vita
1509 1295 1711 1361 semoti
1755 1295 2019 1379 W'lfrioi
2046 1295 2363 1386 heremitae.

503 1441 597 1482 mre
613 1441 662 1480 or
931 1423 1193 1488 Eodem
1247 1441 1429 1486 anno
1481 1428 1766 1487 sanctus
1810 1419 2221 1485 anachorita
2266 1427 2339 1484 et
2376 1420 2733 1485 solitarius

504 1493 546 1532 ⁸⁶
563 1490 738 1531 mmm
830 1521 1166 1588 wlfricus
1205 1522 1290 1585 de
1321 1515 1797 1604 ¹Heselberga
1823 1520 2152 1603 migravit
2194 1520 2283 1586 ad
2330 1520 2736 1598 Dominum,

829 1629 1201 1706 postquam
1243 1621 1493 1702 viginti
1537 1629 1611 1686 et
1653 1640 1901 1686 novem
1944 1620 2149 1684 annis
2202 1627 2447 1685 contra
2494 1621 2733 1684 hostes

829 1721 1114 1786 humani
1165 1721 1440 1804 generis
1477 1719 1859 1803 confligens
1887 1720 2072 1786 felici
2105 1727 2326 1784 marte
2372 1720 2735 1785 victoriam

830 1822 1254 1905 reportavit3
1317 1820 1404 1884 de
1454 1820 1655 1904 eujus
1698 1820 1849 1885 vita
1897 1827 1969 1884 et
2021 1821 2419 1897 virtutibus,
2451 1820 2541 1884 ad
2591 1819 2736 1900 his·

831 1921 1030 1987 toriae
1058 1919 1398 1996 decorem,
1429 1919 1542 1984 vel
1587 1939 1875 2002 parvam
1919 1919 2093 1998 utile
2134 1919 2461 1988 duximus
2506 1919 2737 1984 faeere

829 2020 1270 2086 mentionem.
1347 2021 1613 2086 Beatus
1670 2019 1779 2085 vir
1833 2019 2195 2096 WlfricuS,
2257 2039 2349 2084 ex
2406 2020 2739 2086 mediocri

831 2118 1221 2202 Anglorum
1277 2127 1484 2202 gente
1539 2119 1899 2195 oriundus,
1954 2119 2030 2182 in
2084 2118 2428 2196 Contona,
2473 2119 2647 2183 villa
2692 2139 2772 2202 a,

833 2219 1170 2285 Bristollo
1211 2226 1372 2284 octo
1416 2209 1827 2282 milliaribus
1868 2218 2197 2295 distante,
2238 2225 2470 2296 natuS,
2510 2220 2736 2283 nutri-

833 2327 948 2384 tus
982 2326 1091 2384 est
1133 2325 1205 2382 et
1248 2325 1740 2398 conversatus;
1792 2318 1888 2382 ibi
1924 2319 2135 2382 etiam
2172 2337 2299 2400 per
2340 2337 2563 2382 annos
2606 2319 2738 2382 ali-

834 2425 1008 2502 quot
1054 2417 1433 2492 sacerdotis
1481 2415 1779 2484 officium
1812 2418 2147 2494 exercuit,
2183 2418 2367 2500 quod
2403 2419 2477 2482 in
2523 2425 2735 2514 aptate

826 2517 1125 2603 juvenili
1170 2517 1458 2583 levitate
1489 2517 1723 2601 potius
1750 2517 2001 2583 mentis
2034 2536 2245 2601 quam
2289 2517 2579 2584 rationis
2611 2518 2732 2583 de-

835 2619 1088 2683 siderio
1144 2618 1448 2683 creditur
1503 2618 1871 2700 accepisse,
1918 2618 2175 2700 quippe
2217 2618 2521 2682 nondum
2566 2638 2737 2700 cog-

834 2720 1165 2786 noscebat
1235 2718 1637 2795 Dominum,
1698 2716 1880 2780 unde
1935 2736 2145 2781 carne
2214 2718 2440 2799 magis
2522 2736 2737 2800 quam

835 2818 1084 2900 spiritu
1141 2817 1564 2896 ducebatur;
1632 2836 1794 2881 nam
1834 2835 2084 2881 eanum
2126 2816 2335 2881 simul
2380 2824 2471 2881 et·
2498 2818 2734 2881 avium

837 2917 1024 2982 euris
1065 2917 1406 2982 sollicitus
1451 2917 1880 2994 incumbens,
1938 2917 2103 2980 dum
2151 2916 2265 2981 die
2313 2916 2611 2999 quodam
2664 2919 2741 2981 in

805 3015 1045 3099 ,hujus
1110 3016 1381 3098 generis
1447 3016 1781 3081 exercitio
1842 3036 1983 3081 non
2044 3017 2353 3097 segniter
2414 3016 2736 3096 instaret,

839 3115 1062 3180 adfuit
1094 3116 1202 3180 vir
1229 3116 1460 3179 subito
1486 3115 1759 3180 vultum
1792 3117 2117 3198 pauperis
2154 3134 2403 3198 gerens
2432 3123 2504 3180 et
2536 3116 2739 3181 habi-

839 3222 1011 3292 tum,
1047 3215 1169 3298 qui
1201 3234 1557 3279 nummum
1586 3235 1843 3280 novum
1876 3217 1967 3280 ab
2010 3234 2093 3279 eo
2136 3216 2437 3299 supplex
2481 3216 2554 3280 in
2600 3218 2743 3282 ele-

837 3332 1238 3398 emosynam
1269 3314 1695 3396 postulavit3
1742 3314 2042 3379 habebat
2070 3323 2301 3380 autem
2349 3323 2518 3380 tune
2563 3323 2741 3380 tem-

837 3413 1028 3496 poris
1055 3412 1317 3494 Anglia
1350 3432 1604 3487 novam
1648 3421 1998 3478 monetam
2041 3415 2115 3477 in
2165 3414 2405 3488 diebus
2441 3414 2741 3479 Hem-ici

838 3513 1024 3595 regis
1073 3512 1299 3595 primi,
1344 3512 1465 3575 sed
1511 3512 1737 3576 adhuc
1783 3532 2038 3590 raram,
2104 3531 2250 3597 prae
2298 3514 2739 3579 numismatis

837 3612 1173 3679 novitate.
1253 3610 1386 3676 Cui
1411 3631 1569 3675 cum
1603 3612 1937 3677 Wlsricus
1968 3631 2044 3675 se
2075 3613 2341 3677 nescire
2368 3614 2653 3692 diceret,
2676 3615 2740 3680 si

836 3730 1092 3777 novum
1121 3730 1474 3774 nummum
1503 3710 1813 3790 haberet,
1836 3718 1853 3747 ‘
1870 3712 2217 3796 Respice,’
2245 3712 2370 3789 ait,
2392 3713 2739 3778 ‘loculum

836 3816 1058 3888 tuum,
1097 3818 1170 3875 et
1198 3811 1508 3876 invenies
1546 3810 1620 3874 in
1661 3830 1742 3875 eo
1787 3812 1961 3876 duos
1989 3830 2316 3889 ‘nummos
2356 3820 2428 3876 et
2464 3815 2675 3878 semis
2696 3815 2742 3894 ς’

835 3928 973 3990 quo
1027 3910 1147 3973 ille
1191 3930 1522 3993 responso
1568 3911 2063 3995 obstupescens
2113 3912 2441 3995 inspexit,
2494 3920 2592 3990 et,
2637 3914 2739 3978 ita

836 4016 916 4072 ut
964 4008 1224 4072 dictum
1271 4010 1404 4073 sibi
1453 4009 1683 4074 fuerat
1733 4012 2105 4094 reperienS,
2152 4011 2336 4094 quod
2372 4014 2742 4093 petebatur

903 4187 1277 4255 ¹Heaelberga,]
1319 4194 1540 4255 perhaps
1568 4194 1753 4245 Hasel·
1810 4196 1921 4244 that
1940 4197 1983 4245 it
2002 4211 2113 4246 was
2134 4197 2151 4224 ‘
2170 4198 2223 4245 in
2256 4196 2520 4258 provincia
2552 4198 2745 4248 Dorse-

830 4262 979 4323 bury,
996 4261 1348 4323 inWiltsbire3
1384 4263 1614 4313 Gervase
1636 4280 1757 4327 says
1810 4266 1979 4315 tensi!
