<?xml version="1.0" encoding="UTF-8"?>
<!DOCTYPE html PUBLIC "-//W3C//DTD XHTML 1.0 Transitional//EN"
    "http://www.w3.org/TR/xhtml1/DTD/xhtml1-transitional.dtd">
<html xmlns="http://www.w3.org/1999/xhtml" xml:lang="en" lang="en">
 <head>
  <title>
</title>
<meta http-equiv="Content-Type" content="text/html;charset=utf-8" />
  <meta name='ocr-system' content='tesseract 3.04.00' />
  <meta name='ocr-capabilities' content='ocr_page ocr_carea ocr_par ocr_line ocrx_word'/>
</head>
<body>
  <div class='ocr_page' id='page_1' title='image "./rogeridewendove00coxegoog_0160.png"; bbox 0 0 3108 5059; ppageno 0'>
   <div class='ocr_carea' id='block_1_1' title="bbox 834 487 2220 557">
    <p class='ocr_par' dir='ltr' id='par_1_1' title="bbox 834 487 2220 557">
     <span class='ocr_line' id='line_1_1' title="bbox 834 487 2220 557; baseline 0 -1"><span class='ocrx_word' id='word_1_1' title='bbox 834 487 966 557; x_wconf 77' lang='lat'><strong>152</strong></span> <span class='ocrx_word' id='word_1_2' title='bbox 1348 507 1615 556; x_wconf 66' lang='lat' dir='ltr'><strong>nocam</strong></span> <span class='ocrx_word' id='word_1_3' title='bbox 1667 509 1759 556; x_wconf 80' lang='lat' dir='ltr'><strong>DE</strong></span> <span class='ocrx_word' id='word_1_4' title='bbox 1806 505 2220 557; x_wconf 76' lang='lat' dir='ltr'>WENDOVER</span> 
     </span>
    </p>
   </div>
   <div class='ocr_carea' id='block_1_2' title="bbox 509 640 2762 2421">
    <p class='ocr_par' dir='ltr' id='par_1_2' title="bbox 509 640 2762 2421">
     <span class='ocr_line' id='line_1_2' title="bbox 513 640 2746 725; baseline -0.002 -18"><span class='ocrx_word' id='word_1_5' title='bbox 513 677 623 718; x_wconf 60' lang='lat' dir='ltr'><strong>AD,</strong></span> <span class='ocrx_word' id='word_1_6' title='bbox 645 678 758 717; x_wconf 73' lang='lat'><strong>1090,</strong></span> <span class='ocrx_word' id='word_1_7' title='bbox 838 661 992 705; x_wconf 88' lang='lat' dir='ltr'><strong>esse</strong></span> <span class='ocrx_word' id='word_1_8' title='bbox 1029 642 1377 707; x_wconf 88' lang='lat' dir='ltr'><strong>montibus</strong></span> <span class='ocrx_word' id='word_1_9' title='bbox 1423 645 1654 720; x_wconf 88' lang='lat' dir='ltr'><strong>sitam,</strong></span> <span class='ocrx_word' id='word_1_10' title='bbox 1689 651 1760 708; x_wconf 91' lang='lat' dir='ltr'><strong>et</strong></span> <span class='ocrx_word' id='word_1_11' title='bbox 1794 645 1864 707; x_wconf 92' lang='lat' dir='ltr'><strong>in</strong></span> <span class='ocrx_word' id='word_1_12' title='bbox 1912 651 2099 707; x_wconf 88' lang='lat' dir='ltr'><strong>sorte</strong></span> <span class='ocrx_word' id='word_1_13' title='bbox 2135 640 2501 725; x_wconf 87' lang='lat' dir='ltr'><strong>Benjamin</strong></span> <span class='ocrx_word' id='word_1_14' title='bbox 2545 640 2746 704; x_wconf 91' lang='lat' dir='ltr'><strong>novi-</strong></span> 
     </span>
     <span class='ocr_line' id='line_1_3' title="bbox 509 728 2748 818; baseline -0.001 -14"><span class='ocrx_word' id='word_1_15' title='bbox 509 728 814 818; x_wconf 53' lang='grc' dir='ltr'><strong>ξῗὲᾙξὲη,</strong></span> <span class='ocrx_word' id='word_1_16' title='bbox 841 760 995 804; x_wconf 90' lang='lat' dir='ltr'><strong>mus</strong></span> <span class='ocrx_word' id='word_1_17' title='bbox 1027 741 1498 807; x_wconf 83' lang='lat' dir='ltr'><strong>constitutam.</strong></span> <span class='ocrx_word' id='word_1_18' title='bbox 1582 743 1822 808; x_wconf 84' lang='lat' dir='ltr'><strong>Habet</strong></span> <span class='ocrx_word' id='word_1_19' title='bbox 1856 750 2087 807; x_wconf 85' lang='lat' dir='ltr'><strong>autem</strong></span> <span class='ocrx_word' id='word_1_20' title='bbox 2120 744 2208 806; x_wconf 92' lang='lat' dir='ltr'><strong>ab</strong></span> <span class='ocrx_word' id='word_1_21' title='bbox 2236 741 2591 806; x_wconf 90' lang='lat' dir='ltr'><strong>occidente</strong></span> <span class='ocrx_word' id='word_1_22' title='bbox 2623 739 2748 802; x_wconf 87' lang='lat' dir='ltr'><strong>tri-</strong></span> 
     </span>
     <span class='ocr_line' id='line_1_4' title="bbox 842 840 2749 927; baseline -0.001 -22"><span class='ocrx_word' id='word_1_23' title='bbox 842 842 1003 905; x_wconf 87' lang='lat' dir='ltr'><strong>bum</strong></span> <span class='ocrx_word' id='word_1_24' title='bbox 1030 841 1332 920; x_wconf 80' lang='lat' dir='ltr'>Simeon,</span> <span class='ocrx_word' id='word_1_25' title='bbox 1361 840 1682 927; x_wconf 89' lang='lat' dir='ltr'><strong>[terram]</strong></span> <span class='ocrx_word' id='word_1_26' title='bbox 1715 842 2265 919; x_wconf 86' lang='lat' dir='ltr'><strong>Philistinorum,</strong></span> <span class='ocrx_word' id='word_1_27' title='bbox 2290 850 2361 905; x_wconf 87' lang='lat' dir='ltr'><strong>et</strong></span> <span class='ocrx_word' id='word_1_28' title='bbox 2391 859 2579 904; x_wconf 87' lang='lat' dir='ltr'><strong>mare</strong></span> <span class='ocrx_word' id='word_1_29' title='bbox 2606 859 2749 903; x_wconf 89' lang='lat' dir='ltr'><strong>me-</strong></span> 
     </span>
     <span class='ocr_line' id='line_1_5' title="bbox 844 939 2746 1026; baseline -0.002 -22"><span class='ocrx_word' id='word_1_30' title='bbox 844 941 1334 1020; x_wconf 87' lang='lat' dir='ltr'><strong>diterraneum,</strong></span> <span class='ocrx_word' id='word_1_31' title='bbox 1372 962 1415 1006; x_wconf 91' lang='lat' dir='ltr'><strong>a</strong></span> <span class='ocrx_word' id='word_1_32' title='bbox 1466 963 1630 1026; x_wconf 91' lang='lat' dir='ltr'><strong>quo,</strong></span> <span class='ocrx_word' id='word_1_33' title='bbox 1670 962 1886 1025; x_wconf 80' lang='lat' dir='ltr'><strong>prope</strong></span> <span class='ocrx_word' id='word_1_34' title='bbox 1921 949 2029 1006; x_wconf 87' lang='lat' dir='ltr'><strong>est</strong></span> <span class='ocrx_word' id='word_1_35' title='bbox 2072 942 2119 1006; x_wconf 85' lang='lat' dir='ltr'><strong>J</strong></span> <span class='ocrx_word' id='word_1_36' title='bbox 2124 961 2351 1025; x_wconf 89' lang='lat' dir='ltr'><strong>oppen</strong></span> <span class='ocrx_word' id='word_1_37' title='bbox 2392 939 2746 1023; x_wconf 89' lang='lat' dir='ltr'><strong>oppidum,</strong></span> 
     </span>
     <span class='ocr_line' id='line_1_6' title="bbox 847 1041 2751 1124; baseline -0.001 -21"><span class='ocrx_word' id='word_1_38' title='bbox 847 1041 1095 1122; x_wconf 83' lang='lat' dir='ltr'><strong>viginti</strong></span> <span class='ocrx_word' id='word_1_39' title='bbox 1120 1048 1423 1124; x_wconf 89' lang='lat' dir='ltr'><strong>quatuor</strong></span> <span class='ocrx_word' id='word_1_40' title='bbox 1449 1043 1856 1107; x_wconf 82' lang='lat' dir='ltr'><strong>milliaribus</strong></span> <span class='ocrx_word' id='word_1_41' title='bbox 1881 1042 2120 1119; x_wconf 86' lang='lat' dir='ltr'><strong>distat,</strong></span> <span class='ocrx_word' id='word_1_42' title='bbox 2144 1043 2327 1105; x_wconf 90' lang='lat' dir='ltr'><strong>inter</strong></span> <span class='ocrx_word' id='word_1_43' title='bbox 2356 1059 2431 1104; x_wconf 89' lang='lat' dir='ltr'><strong>se</strong></span> <span class='ocrx_word' id='word_1_44' title='bbox 2464 1047 2536 1103; x_wconf 93' lang='lat' dir='ltr'><strong>et</strong></span> <span class='ocrx_word' id='word_1_45' title='bbox 2571 1058 2751 1122; x_wconf 85' lang='lat' dir='ltr'><strong>prae-</strong></span> 
     </span>
     <span class='ocr_line' id='line_1_7' title="bbox 847 1138 2750 1219; baseline -0.001 -15"><span class='ocrx_word' id='word_1_46' title='bbox 847 1139 1107 1205; x_wconf 89' lang='lat' dir='ltr'><strong>dictum</strong></span> <span class='ocrx_word' id='word_1_47' title='bbox 1163 1161 1351 1206; x_wconf 88' lang='lat' dir='ltr'><strong>mare</strong></span> <span class='ocrx_word' id='word_1_48' title='bbox 1410 1140 1675 1206; x_wconf 84' lang='lat' dir='ltr'><strong>habens</strong></span> <span class='ocrx_word' id='word_1_49' title='bbox 1727 1141 2089 1206; x_wconf 89' lang='lat' dir='ltr'><strong>castellum</strong></span> <span class='ocrx_word' id='word_1_50' title='bbox 2136 1141 2397 1205; x_wconf 88' lang='lat' dir='ltr'><strong>Emaus</strong></span> <span class='ocrx_word' id='word_1_51' title='bbox 2426 1160 2444 1219; x_wconf 91' lang='lat'><strong>;</strong></span> <span class='ocrx_word' id='word_1_52' title='bbox 2507 1138 2750 1202; x_wconf 88' lang='lat' dir='ltr'><strong>Modin</strong></span> 
     </span>
     <span class='ocr_line' id='line_1_8' title="bbox 851 1239 2749 1323; baseline 0 -19"><span class='ocrx_word' id='word_1_53' title='bbox 851 1239 1083 1317; x_wconf 83' lang='lat' dir='ltr'><strong>ctiam,</strong></span> <span class='ocrx_word' id='word_1_54' title='bbox 1135 1248 1537 1306; x_wconf 87' lang='lat' dir='ltr'><strong>sanctorum</strong></span> <span class='ocrx_word' id='word_1_55' title='bbox 1598 1242 2161 1306; x_wconf 85' lang='lat' dir='ltr'><strong>Machabaeorum</strong></span> <span class='ocrx_word' id='word_1_56' title='bbox 2207 1240 2626 1323; x_wconf 84' lang='lat' dir='ltr'><strong>praesidium,</strong></span> <span class='ocrx_word' id='word_1_57' title='bbox 2678 1247 2749 1304; x_wconf 90' lang='lat' dir='ltr'><strong>et</strong></span> 
     </span>
     <span class='ocr_line' id='line_1_9' title="bbox 853 1339 2752 1424; baseline -0.001 -20"><span class='ocrx_word' id='word_1_58' title='bbox 853 1339 1105 1404; x_wconf 87' lang='lat' dir='ltr'><strong>Noben</strong></span> <span class='ocrx_word' id='word_1_59' title='bbox 1128 1341 1428 1405; x_wconf 85' lang='lat' dir='ltr'><strong>viculum</strong></span> <span class='ocrx_word' id='word_1_60' title='bbox 1463 1341 1924 1419; x_wconf 88' lang='lat' dir='ltr'><strong>sacerdotum,</strong></span> <span class='ocrx_word' id='word_1_61' title='bbox 1953 1349 2025 1405; x_wconf 93' lang='lat' dir='ltr'><strong>et</strong></span> <span class='ocrx_word' id='word_1_62' title='bbox 2061 1340 2431 1424; x_wconf 88' lang='lat' dir='ltr'><strong>Dispolim,</strong></span> <span class='ocrx_word' id='word_1_63' title='bbox 2463 1359 2621 1421; x_wconf 83' lang='lat' dir='ltr'><strong>quae</strong></span> <span class='ocrx_word' id='word_1_64' title='bbox 2644 1347 2752 1403; x_wconf 89' lang='lat' dir='ltr'><strong>est</strong></span> 
     </span>
     <span class='ocr_line' id='line_1_10' title="bbox 853 1438 2751 1525; baseline -0.001 -23"><span class='ocrx_word' id='word_1_65' title='bbox 853 1438 1125 1522; x_wconf 85' lang='lat' dir='ltr'><strong>Lydda,</strong></span> <span class='ocrx_word' id='word_1_66' title='bbox 1155 1441 1274 1505; x_wconf 90' lang='lat' dir='ltr'><strong>ubi</strong></span> <span class='ocrx_word' id='word_1_67' title='bbox 1310 1440 1563 1505; x_wconf 88' lang='lat' dir='ltr'><strong>Petrus</strong></span> <span class='ocrx_word' id='word_1_68' title='bbox 1582 1442 1877 1505; x_wconf 89' lang='lat' dir='ltr'><strong>AEneam</strong></span> <span class='ocrx_word' id='word_1_69' title='bbox 1905 1440 2365 1525; x_wconf 87' lang='lat' dir='ltr'><strong>paralyticum</strong></span> <span class='ocrx_word' id='word_1_70' title='bbox 2398 1439 2611 1503; x_wconf 83' lang='lat' dir='ltr'><strong>saluti</strong></span> <span class='ocrx_word' id='word_1_71' title='bbox 2642 1458 2751 1501; x_wconf 90' lang='lat' dir='ltr'><strong>re-</strong></span> 
     </span>
     <span class='ocr_line' id='line_1_11' title="bbox 853 1538 2751 1624; baseline 0 -22"><span class='ocrx_word' id='word_1_72' title='bbox 853 1539 1104 1616; x_wconf 80' lang='lat' dir='ltr'><strong>stituit,</strong></span> <span class='ocrx_word' id='word_1_73' title='bbox 1135 1547 1204 1604; x_wconf 93' lang='lat' dir='ltr'><strong>et</strong></span> <span class='ocrx_word' id='word_1_74' title='bbox 1226 1541 1345 1603; x_wconf 93' lang='lat' dir='ltr'><strong>ubi</strong></span> <span class='ocrx_word' id='word_1_75' title='bbox 1375 1541 1561 1624; x_wconf 89' lang='lat' dir='ltr'><strong>apud</strong></span> <span class='ocrx_word' id='word_1_76' title='bbox 1588 1541 1932 1606; x_wconf 87' lang='lat' dir='ltr'><strong>Simonem</strong></span> <span class='ocrx_word' id='word_1_77' title='bbox 1963 1541 2331 1605; x_wconf 87' lang='lat' dir='ltr'><strong>coriarium</strong></span> <span class='ocrx_word' id='word_1_78' title='bbox 2358 1538 2751 1622; x_wconf 82' lang='lat' dir='ltr'><strong>hospitatus</strong></span> 
     </span>
     <span class='ocr_line' id='line_1_12' title="bbox 857 1637 2754 1724; baseline -0.001 -22"><span class='ocrx_word' id='word_1_79' title='bbox 857 1637 1164 1704; x_wconf 82' lang='lat' dir='ltr'><strong>Cornelii</strong></span> <span class='ocrx_word' id='word_1_80' title='bbox 1189 1642 1506 1704; x_wconf 88' lang='lat' dir='ltr'><strong>nuntium</strong></span> <span class='ocrx_word' id='word_1_81' title='bbox 1534 1642 1866 1724; x_wconf 87' lang='lat' dir='ltr'><strong>suscepit,</strong></span> <span class='ocrx_word' id='word_1_82' title='bbox 1892 1642 2074 1704; x_wconf 87' lang='lat' dir='ltr'><strong>sicut</strong></span> <span class='ocrx_word' id='word_1_83' title='bbox 2102 1640 2285 1724; x_wconf 89' lang='lat' dir='ltr'><strong>apud</strong></span> <span class='ocrx_word' id='word_1_84' title='bbox 2313 1639 2360 1703; x_wconf 84' lang='lat' dir='ltr'><strong>J</strong></span> <span class='ocrx_word' id='word_1_85' title='bbox 2367 1658 2591 1722; x_wconf 90' lang='lat' dir='ltr'><strong>oppen</strong></span> <span class='ocrx_word' id='word_1_86' title='bbox 2615 1639 2754 1701; x_wconf 88' lang='lat' dir='ltr'><strong>dis-</strong></span> 
     </span>
     <span class='ocr_line' id='line_1_13' title="bbox 855 1736 2754 1822; baseline -0.001 -20"><span class='ocrx_word' id='word_1_87' title='bbox 855 1738 1185 1822; x_wconf 88' lang='lat' dir='ltr'><strong>cipulam,</strong></span> <span class='ocrx_word' id='word_1_88' title='bbox 1215 1740 1588 1805; x_wconf 87' lang='lat' dir='ltr'><strong>Thabitam</strong></span> <span class='ocrx_word' id='word_1_89' title='bbox 1628 1742 1927 1816; x_wconf 87' lang='lat' dir='ltr'><strong>nomine,</strong></span> <span class='ocrx_word' id='word_1_90' title='bbox 1972 1741 2359 1805; x_wconf 85' lang='lat' dir='ltr'><strong>suscitavit.</strong></span> <span class='ocrx_word' id='word_1_91' title='bbox 2464 1736 2577 1801; x_wconf 91' lang='lat' dir='ltr'><strong>Ab</strong></span> <span class='ocrx_word' id='word_1_92' title='bbox 2618 1739 2754 1801; x_wconf 88' lang='lat' dir='ltr'><strong>ori-</strong></span> 
     </span>
     <span class='ocr_line' id='line_1_14' title="bbox 857 1837 2755 1923; baseline -0.001 -21"><span class='ocrx_word' id='word_1_93' title='bbox 857 1846 1018 1903; x_wconf 87' lang='lat' dir='ltr'><strong>ente</strong></span> <span class='ocrx_word' id='word_1_94' title='bbox 1052 1859 1330 1923; x_wconf 92' lang='lat' dir='ltr'><strong>quoque</strong></span> <span class='ocrx_word' id='word_1_95' title='bbox 1373 1841 1420 1905; x_wconf 85' lang='lat' dir='ltr'><strong>J</strong></span> <span class='ocrx_word' id='word_1_96' title='bbox 1425 1841 1707 1904; x_wconf 86' lang='lat' dir='ltr'><strong>ordanis</strong></span> <span class='ocrx_word' id='word_1_97' title='bbox 1751 1840 1957 1904; x_wconf 91' lang='lat' dir='ltr'><strong>habet</strong></span> <span class='ocrx_word' id='word_1_98' title='bbox 2006 1840 2291 1917; x_wconf 89' lang='lat' dir='ltr'><strong>fluenta,</strong></span> <span class='ocrx_word' id='word_1_99' title='bbox 2325 1845 2398 1903; x_wconf 89' lang='lat' dir='ltr'><strong>et</strong></span> <span class='ocrx_word' id='word_1_100' title='bbox 2436 1837 2755 1902; x_wconf 84' lang='lat' dir='ltr'><strong>solitudi-</strong></span> 
     </span>
     <span class='ocr_line' id='line_1_15' title="bbox 860 1937 2757 2023; baseline 0 -22"><span class='ocrx_word' id='word_1_101' title='bbox 860 1958 1014 2002; x_wconf 88' lang='lat' dir='ltr'><strong>nem</strong></span> <span class='ocrx_word' id='word_1_102' title='bbox 1077 1940 1376 2004; x_wconf 89' lang='lat' dir='ltr'><strong>filiorum</strong></span> <span class='ocrx_word' id='word_1_103' title='bbox 1447 1940 1940 2023; x_wconf 87' lang='lat' dir='ltr'><strong>prophetarum</strong></span> <span class='ocrx_word' id='word_1_104' title='bbox 2013 1939 2214 2022; x_wconf 88' lang='lat' dir='ltr'><strong>quasi</strong></span> <span class='ocrx_word' id='word_1_105' title='bbox 2277 1938 2366 2003; x_wconf 86' lang='lat' dir='ltr'><strong>ad</strong></span> <span class='ocrx_word' id='word_1_106' title='bbox 2433 1937 2757 2001; x_wconf 87' lang='lat' dir='ltr'><strong>milliaria</strong></span> 
     </span>
     <span class='ocr_line' id='line_1_16' title="bbox 861 2037 2755 2122; baseline -0.001 -20"><span class='ocrx_word' id='word_1_107' title='bbox 861 2041 1408 2122; x_wconf 88' lang='lat' dir='ltr'><strong>quatuordecim,</strong></span> <span class='ocrx_word' id='word_1_108' title='bbox 1432 2048 1502 2105; x_wconf 89' lang='lat' dir='ltr'><strong>et</strong></span> <span class='ocrx_word' id='word_1_109' title='bbox 1527 2040 1781 2104; x_wconf 87' lang='lat' dir='ltr'><strong>vallem</strong></span> <span class='ocrx_word' id='word_1_110' title='bbox 1810 2041 2220 2117; x_wconf 84' lang='lat' dir='ltr'><strong>silvestrem,</strong></span> <span class='ocrx_word' id='word_1_111' title='bbox 2244 2045 2316 2102; x_wconf 90' lang='lat' dir='ltr'><strong>et</strong></span> <span class='ocrx_word' id='word_1_112' title='bbox 2340 2057 2529 2101; x_wconf 87' lang='lat' dir='ltr'><strong>mare</strong></span> <span class='ocrx_word' id='word_1_113' title='bbox 2562 2037 2755 2101; x_wconf 89' lang='lat' dir='ltr'><strong>Mor-</strong></span> 
     </span>
     <span class='ocr_line' id='line_1_17' title="bbox 861 2133 2758 2217; baseline -0.001 -15"><span class='ocrx_word' id='word_1_114' title='bbox 861 2147 1091 2217; x_wconf 89' lang='lat' dir='ltr'><strong>tuum;</strong></span> <span class='ocrx_word' id='word_1_115' title='bbox 1123 2133 1141 2170; x_wconf 89' lang='lat'>¹</span> <span class='ocrx_word' id='word_1_116' title='bbox 1156 2140 1332 2204; x_wconf 89' lang='lat' dir='ltr'><strong>citra</strong></span> <span class='ocrx_word' id='word_1_117' title='bbox 1350 2139 1395 2203; x_wconf 86' lang='lat' dir='ltr'><strong>J</strong></span> <span class='ocrx_word' id='word_1_118' title='bbox 1401 2139 1730 2204; x_wconf 88' lang='lat' dir='ltr'><strong>ordanem</strong></span> <span class='ocrx_word' id='word_1_119' title='bbox 1746 2159 1913 2204; x_wconf 89' lang='lat' dir='ltr'><strong>vero</strong></span> <span class='ocrx_word' id='word_1_120' title='bbox 1932 2139 1979 2203; x_wconf 85' lang='lat' dir='ltr'><strong>J</strong></span> <span class='ocrx_word' id='word_1_121' title='bbox 1984 2139 2214 2203; x_wconf 88' lang='lat' dir='ltr'><strong>ericho</strong></span> <span class='ocrx_word' id='word_1_122' title='bbox 2235 2139 2465 2214; x_wconf 88' lang='lat' dir='ltr'><strong>habet,</strong></span> <span class='ocrx_word' id='word_1_123' title='bbox 2490 2146 2559 2201; x_wconf 89' lang='lat' dir='ltr'><strong>et</strong></span> <span class='ocrx_word' id='word_1_124' title='bbox 2584 2136 2758 2200; x_wconf 85' lang='lat' dir='ltr'><strong>Gal-</strong></span> 
     </span>
     <span class='ocr_line' id='line_1_18' title="bbox 863 2236 2759 2320; baseline -0.002 -18"><span class='ocrx_word' id='word_1_125' title='bbox 863 2239 1027 2320; x_wconf 81' lang='lat' dir='ltr'><strong>gala</strong></span> <span class='ocrx_word' id='word_1_126' title='bbox 1072 2239 1492 2304; x_wconf 88' lang='lat' dir='ltr'><strong>domicilium</strong></span> <span class='ocrx_word' id='word_1_127' title='bbox 1541 2239 1876 2318; x_wconf 81' lang='lat' dir='ltr'><strong>Helisaei3</strong></span> <span class='ocrx_word' id='word_1_128' title='bbox 1932 2239 2115 2302; x_wconf 85' lang='lat' dir='ltr'><strong>ultra</strong></span> <span class='ocrx_word' id='word_1_129' title='bbox 2166 2257 2327 2303; x_wconf 90' lang='lat' dir='ltr'><strong>vero</strong></span> <span class='ocrx_word' id='word_1_130' title='bbox 2381 2237 2426 2301; x_wconf 86' lang='lat' dir='ltr'><strong>J</strong></span> <span class='ocrx_word' id='word_1_131' title='bbox 2432 2236 2759 2301; x_wconf 86' lang='lat' dir='ltr'><strong>ordanem</strong></span> 
     </span>
     <span class='ocr_line' id='line_1_19' title="bbox 866 2337 2762 2421; baseline -0.001 -19"><span class='ocrx_word' id='word_1_132' title='bbox 866 2337 1167 2415; x_wconf 85' lang='lat' dir='ltr'><strong>Galaad,</strong></span> <span class='ocrx_word' id='word_1_133' title='bbox 1204 2339 1466 2416; x_wconf 87' lang='lat' dir='ltr'><strong>Basan,</strong></span> <span class='ocrx_word' id='word_1_134' title='bbox 1500 2338 1757 2416; x_wconf 90' lang='lat' dir='ltr'><strong>Amon,</strong></span> <span class='ocrx_word' id='word_1_135' title='bbox 1806 2347 1877 2402; x_wconf 90' lang='lat' dir='ltr'><strong>et</strong></span> <span class='ocrx_word' id='word_1_136' title='bbox 1933 2338 2172 2416; x_wconf 91' lang='lat' dir='ltr'><strong>Moab,</strong></span> <span class='ocrx_word' id='word_1_137' title='bbox 2224 2337 2407 2421; x_wconf 86' lang='lat' dir='ltr'><strong>quod</strong></span> <span class='ocrx_word' id='word_1_138' title='bbox 2453 2343 2762 2421; x_wconf 86' lang='lat' dir='ltr'><strong>postmo-</strong></span> 
     </span>
    </p>
   </div>
   <div class='ocr_carea' id='block_1_3' title="bbox 863 2438 2765 2516">
    <p class='ocr_par' dir='ltr' id='par_1_3' title="bbox 863 2438 2765 2516">
     <span class='ocr_line' id='line_1_20' title="bbox 863 2438 2765 2516; baseline -0.001 -15"><span class='ocrx_word' id='word_1_139' title='bbox 863 2438 1025 2501; x_wconf 91' lang='lat' dir='ltr'><strong>dum</strong></span> <span class='ocrx_word' id='word_1_140' title='bbox 1063 2438 1338 2516; x_wconf 88' lang='lat' dir='ltr'><strong>Ruben,</strong></span> <span class='ocrx_word' id='word_1_141' title='bbox 1368 2438 1552 2516; x_wconf 86' lang='lat' dir='ltr'><strong>Gad,</strong></span> <span class='ocrx_word' id='word_1_142' title='bbox 1585 2447 1655 2504; x_wconf 84' lang='lat' dir='ltr'><strong>et</strong></span> <span class='ocrx_word' id='word_1_143' title='bbox 1684 2439 1967 2502; x_wconf 84' lang='lat' dir='ltr'><strong>dimidia</strong></span> <span class='ocrx_word' id='word_1_144' title='bbox 1996 2439 2217 2502; x_wconf 89' lang='lat' dir='ltr'><strong>tribus</strong></span> <span class='ocrx_word' id='word_1_145' title='bbox 2247 2438 2577 2501; x_wconf 85' lang='lat' dir='ltr'><strong>Manasse</strong></span> <span class='ocrx_word' id='word_1_146' title='bbox 2610 2455 2765 2500; x_wconf 90' lang='lat' dir='ltr'><strong>sus-</strong></span> 
     </span>
    </p>
   </div>
   <div class='ocr_carea' id='block_1_4' title="bbox 863 2537 2871 2623">
    <p class='ocr_par' dir='ltr' id='par_1_4' title="bbox 863 2537 2871 2623">
     <span class='ocr_line' id='line_1_21' title="bbox 863 2537 2871 2623; baseline -0.004 -19"><span class='ocrx_word' id='word_1_147' title='bbox 863 2547 1195 2622; x_wconf 87' lang='lat' dir='ltr'><strong>ceperunt</strong></span> <span class='ocrx_word' id='word_1_148' title='bbox 1227 2541 1300 2603; x_wconf 90' lang='lat' dir='ltr'><strong>in</strong></span> <span class='ocrx_word' id='word_1_149' title='bbox 1335 2546 1618 2618; x_wconf 90' lang='lat' dir='ltr'><strong>sortem,</strong></span> <span class='ocrx_word' id='word_1_150' title='bbox 1658 2560 1813 2623; x_wconf 84' lang='lat' dir='ltr'><strong>quae</strong></span> <span class='ocrx_word' id='word_1_151' title='bbox 1843 2539 2045 2605; x_wconf 90' lang='lat' dir='ltr'><strong>hodie</strong></span> <span class='ocrx_word' id='word_1_152' title='bbox 2074 2541 2263 2622; x_wconf 80' lang='lat' dir='ltr'><strong>regio</strong></span> <span class='ocrx_word' id='word_1_153' title='bbox 2298 2537 2605 2621; x_wconf 85' lang='lat' dir='ltr'><strong>generali</strong></span> <span class='ocrx_word' id='word_1_154' title='bbox 2638 2558 2767 2621; x_wconf 77' lang='lat' dir='ltr'><strong>ap-</strong></span> <span class='ocrx_word' id='word_1_155' title='bbox 2865 2537 2871 2542; x_wconf 84' lang='lat'>&#39;</span> 
     </span>
    </p>
   </div>
   <div class='ocr_carea' id='block_1_5' title="bbox 864 2637 2844 4218">
    <p class='ocr_par' dir='ltr' id='par_1_5' title="bbox 864 2637 2844 4218">
     <span class='ocr_line' id='line_1_22' title="bbox 864 2637 2767 2724; baseline 0 -21"><span class='ocrx_word' id='word_1_156' title='bbox 864 2640 1238 2723; x_wconf 85' lang='lat' dir='ltr'><strong>pellatione</strong></span> <span class='ocrx_word' id='word_1_157' title='bbox 1274 2639 1542 2705; x_wconf 86' lang='lat' dir='ltr'><strong>Arabia</strong></span> <span class='ocrx_word' id='word_1_158' title='bbox 1574 2647 2033 2724; x_wconf 88' lang='lat' dir='ltr'><strong>nuncupatur.</strong></span> <span class='ocrx_word' id='word_1_159' title='bbox 2133 2638 2248 2704; x_wconf 90' lang='lat' dir='ltr'><strong>Ab</strong></span> <span class='ocrx_word' id='word_1_160' title='bbox 2284 2646 2522 2703; x_wconf 85' lang='lat' dir='ltr'><strong>austro</strong></span> <span class='ocrx_word' id='word_1_161' title='bbox 2556 2637 2767 2703; x_wconf 87' lang='lat' dir='ltr'><strong>habet</strong></span> 
     </span>
     <span class='ocr_line' id='line_1_23' title="bbox 865 2738 2766 2824; baseline -0.003 -20"><span class='ocrx_word' id='word_1_162' title='bbox 865 2748 1122 2805; x_wconf 86' lang='lat' dir='ltr'><strong>sortem</strong></span> <span class='ocrx_word' id='word_1_163' title='bbox 1164 2740 1209 2804; x_wconf 86' lang='lat' dir='ltr'><strong>J</strong></span> <span class='ocrx_word' id='word_1_164' title='bbox 1215 2740 1395 2819; x_wconf 84' lang='lat' dir='ltr'><strong>udae,</strong></span> <span class='ocrx_word' id='word_1_165' title='bbox 1440 2742 1511 2804; x_wconf 91' lang='lat' dir='ltr'><strong>in</strong></span> <span class='ocrx_word' id='word_1_166' title='bbox 1560 2760 1699 2824; x_wconf 91' lang='lat' dir='ltr'><strong>qua</strong></span> <span class='ocrx_word' id='word_1_167' title='bbox 1732 2749 1839 2805; x_wconf 88' lang='lat' dir='ltr'><strong>est</strong></span> <span class='ocrx_word' id='word_1_168' title='bbox 1884 2740 2267 2817; x_wconf 89' lang='lat' dir='ltr'><strong>Bethleem,</strong></span> <span class='ocrx_word' id='word_1_169' title='bbox 2302 2739 2472 2803; x_wconf 82' lang='lat' dir='ltr'><strong>felix</strong></span> <span class='ocrx_word' id='word_1_170' title='bbox 2518 2738 2766 2803; x_wconf 91' lang='lat' dir='ltr'><strong>Domi-</strong></span> 
     </span>
     <span class='ocr_line' id='line_1_24' title="bbox 868 2838 2766 2922; baseline -0.002 -17"><span class='ocrx_word' id='word_1_171' title='bbox 868 2841 1042 2905; x_wconf 85' lang='lat' dir='ltr'><strong>nicae</strong></span> <span class='ocrx_word' id='word_1_172' title='bbox 1088 2840 1477 2905; x_wconf 87' lang='lat' dir='ltr'><strong>nativitatis</strong></span> <span class='ocrx_word' id='word_1_173' title='bbox 1541 2842 1761 2918; x_wconf 64' lang='lat' dir='ltr'><strong>locus»,</strong></span> <span class='ocrx_word' id='word_1_174' title='bbox 1805 2848 1875 2903; x_wconf 88' lang='lat' dir='ltr'><strong>et</strong></span> <span class='ocrx_word' id='word_1_175' title='bbox 1919 2839 2206 2903; x_wconf 88' lang='lat' dir='ltr'><strong>Thecua</strong></span> <span class='ocrx_word' id='word_1_176' title='bbox 2260 2840 2425 2902; x_wconf 88' lang='lat' dir='ltr'><strong>urbs</strong></span> <span class='ocrx_word' id='word_1_177' title='bbox 2469 2838 2766 2922; x_wconf 88' lang='lat' dir='ltr'><strong>prophe-</strong></span> 
     </span>
     <span class='ocr_line' id='line_1_25' title="bbox 868 2938 2769 3022; baseline -0.001 -19"><span class='ocrx_word' id='word_1_178' title='bbox 868 2946 1093 3003; x_wconf 84' lang='lat' dir='ltr'><strong>tarum</strong></span> <span class='ocrx_word' id='word_1_179' title='bbox 1131 2938 1414 3004; x_wconf 85' lang='lat' dir='ltr'><strong>Abacuc</strong></span> <span class='ocrx_word' id='word_1_180' title='bbox 1447 2946 1519 3003; x_wconf 89' lang='lat' dir='ltr'><strong>et</strong></span> <span class='ocrx_word' id='word_1_181' title='bbox 1547 2938 1791 3017; x_wconf 81' lang='lat' dir='ltr'><strong>AmoS,</strong></span> <span class='ocrx_word' id='word_1_182' title='bbox 1827 2947 1899 3003; x_wconf 88' lang='lat' dir='ltr'><strong>et</strong></span> <span class='ocrx_word' id='word_1_183' title='bbox 1943 2939 2257 3016; x_wconf 87' lang='lat' dir='ltr'><strong>Hebron,</strong></span> <span class='ocrx_word' id='word_1_184' title='bbox 2293 2958 2449 3022; x_wconf 84' lang='lat' dir='ltr'><strong>quae</strong></span> <span class='ocrx_word' id='word_1_185' title='bbox 2484 2946 2592 3001; x_wconf 89' lang='lat' dir='ltr'><strong>est</strong></span> <span class='ocrx_word' id='word_1_186' title='bbox 2630 2938 2769 3003; x_wconf 86' lang='lat' dir='ltr'><strong>Ca·-</strong></span> 
     </span>
     <span class='ocr_line' id='line_1_26' title="bbox 867 3038 2767 3122; baseline -0.001 -19"><span class='ocrx_word' id='word_1_187' title='bbox 867 3039 1238 3117; x_wconf 88' lang='lat' dir='ltr'><strong>riatharbe,</strong></span> <span class='ocrx_word' id='word_1_188' title='bbox 1273 3040 1320 3104; x_wconf 85' lang='lat' dir='ltr'><strong>J</strong></span> <span class='ocrx_word' id='word_1_189' title='bbox 1326 3040 1677 3103; x_wconf 85' lang='lat' dir='ltr'><strong>udaeorum</strong></span> <span class='ocrx_word' id='word_1_190' title='bbox 1722 3038 2273 3122; x_wconf 87' lang='lat' dir='ltr'><strong>patriarcharum</strong></span> <span class='ocrx_word' id='word_1_191' title='bbox 2304 3038 2767 3121; x_wconf 87' lang='lat' dir='ltr'><strong>sepulchrum.</strong></span> 
     </span>
     <span class='ocr_line' id='line_1_27' title="bbox 867 3138 2769 3223; baseline -0.001 -20"><span class='ocrx_word' id='word_1_192' title='bbox 867 3138 936 3203; x_wconf 90' lang='lat' dir='ltr'>A</span> <span class='ocrx_word' id='word_1_193' title='bbox 967 3140 1435 3223; x_wconf 87' lang='lat' dir='ltr'><strong>septentrione</strong></span> <span class='ocrx_word' id='word_1_194' title='bbox 1470 3158 1745 3223; x_wconf 88' lang='lat' dir='ltr'><strong>quoque</strong></span> <span class='ocrx_word' id='word_1_195' title='bbox 1779 3139 1986 3203; x_wconf 88' lang='lat' dir='ltr'><strong>habet</strong></span> <span class='ocrx_word' id='word_1_196' title='bbox 2030 3138 2349 3215; x_wconf 74' lang='lat' dir='ltr'><strong>Gabaon,</strong></span> <span class='ocrx_word' id='word_1_197' title='bbox 2380 3138 2427 3202; x_wconf 85' lang='lat' dir='ltr'><strong>J</strong></span> <span class='ocrx_word' id='word_1_198' title='bbox 2434 3158 2602 3202; x_wconf 90' lang='lat' dir='ltr'><strong>osue</strong></span> <span class='ocrx_word' id='word_1_199' title='bbox 2648 3138 2769 3202; x_wconf 89' lang='lat' dir='ltr'><strong>filii</strong></span> 
     </span>
     <span class='ocr_line' id='line_1_28' title="bbox 869 3238 2772 3321; baseline -0.001 -18"><span class='ocrx_word' id='word_1_200' title='bbox 869 3238 1036 3304; x_wconf 87' lang='lat' dir='ltr'><strong>Nun</strong></span> <span class='ocrx_word' id='word_1_201' title='bbox 1082 3240 1446 3303; x_wconf 83' lang='lat' dir='ltr'><strong>victoriam</strong></span> <span class='ocrx_word' id='word_1_202' title='bbox 1506 3240 1875 3321; x_wconf 80' lang='lat' dir='ltr'><strong>insignem,</strong></span> <span class='ocrx_word' id='word_1_203' title='bbox 1921 3246 1992 3303; x_wconf 89' lang='lat' dir='ltr'><strong>et</strong></span> <span class='ocrx_word' id='word_1_204' title='bbox 2038 3240 2290 3302; x_wconf 89' lang='lat' dir='ltr'><strong>tribum</strong></span> <span class='ocrx_word' id='word_1_205' title='bbox 2343 3238 2655 3315; x_wconf 85' lang='lat' dir='ltr'><strong>Effraim,</strong></span> <span class='ocrx_word' id='word_1_206' title='bbox 2701 3244 2772 3301; x_wconf 91' lang='lat' dir='ltr'><strong>et</strong></span> 
     </span>
     <span class='ocr_line' id='line_1_29' title="bbox 868 3338 2770 3422; baseline -0.002 -19"><span class='ocrx_word' id='word_1_207' title='bbox 868 3338 1062 3422; x_wconf 86' lang='lat' dir='ltr'><strong>Sy10,</strong></span> <span class='ocrx_word' id='word_1_208' title='bbox 1116 3339 1360 3403; x_wconf 91' lang='lat' dir='ltr'><strong>Sichar</strong></span> <span class='ocrx_word' id='word_1_209' title='bbox 1425 3356 1701 3422; x_wconf 88' lang='lat' dir='ltr'><strong>quoque</strong></span> <span class='ocrx_word' id='word_1_210' title='bbox 1760 3346 1831 3403; x_wconf 86' lang='lat' dir='ltr'><strong>et</strong></span> <span class='ocrx_word' id='word_1_211' title='bbox 1893 3338 2225 3402; x_wconf 80' lang='lat' dir='ltr'><strong>Samariae</strong></span> <span class='ocrx_word' id='word_1_212' title='bbox 2271 3338 2647 3419; x_wconf 84' lang='lat' dir='ltr'><strong>regionem,</strong></span> <span class='ocrx_word' id='word_1_213' title='bbox 2700 3344 2770 3400; x_wconf 92' lang='lat' dir='ltr'><strong>ct</strong></span> 
     </span>
     <span class='ocr_line' id='line_1_30' title="bbox 869 3437 2773 3527; baseline -0.002 -24"><span class='ocrx_word' id='word_1_214' title='bbox 869 3438 1143 3519; x_wconf 86' lang='lat' dir='ltr'><strong>Bethel,</strong></span> <span class='ocrx_word' id='word_1_215' title='bbox 1183 3439 1451 3522; x_wconf 90' lang='lat' dir='ltr'><strong>peccati</strong></span> <span class='ocrx_word' id='word_1_216' title='bbox 1501 3438 1548 3502; x_wconf 85' lang='lat' dir='ltr'><strong>J</strong></span> <span class='ocrx_word' id='word_1_217' title='bbox 1554 3440 1879 3527; x_wconf 84' lang='lat' dir='ltr'><strong>eroboam</strong></span> <span class='ocrx_word' id='word_1_218' title='bbox 1913 3445 2186 3515; x_wconf 89' lang='lat' dir='ltr'><strong>testem,</strong></span> <span class='ocrx_word' id='word_1_219' title='bbox 2240 3437 2359 3501; x_wconf 90' lang='lat' dir='ltr'><strong>sed</strong></span> <span class='ocrx_word' id='word_1_220' title='bbox 2404 3449 2475 3500; x_wconf 91' lang='lat' dir='ltr'><strong>et</strong></span> <span class='ocrx_word' id='word_1_221' title='bbox 2520 3437 2773 3500; x_wconf 86' lang='lat' dir='ltr'><strong>Sebas-</strong></span> 
     </span>
     <span class='ocr_line' id='line_1_31' title="bbox 870 3536 2769 3621; baseline -0.001 -20"><span class='ocrx_word' id='word_1_222' title='bbox 870 3545 1078 3615; x_wconf 85' lang='lat' dir='ltr'><strong>team,</strong></span> <span class='ocrx_word' id='word_1_223' title='bbox 1118 3536 1388 3601; x_wconf 90' lang='lat' dir='ltr'><strong>Helisei</strong></span> <span class='ocrx_word' id='word_1_224' title='bbox 1429 3544 1499 3601; x_wconf 92' lang='lat' dir='ltr'><strong>et</strong></span> <span class='ocrx_word' id='word_1_225' title='bbox 1535 3537 1781 3602; x_wconf 87' lang='lat' dir='ltr'><strong>Abdiae</strong></span> <span class='ocrx_word' id='word_1_226' title='bbox 1828 3537 2268 3621; x_wconf 89' lang='lat' dir='ltr'><strong>sepulchrum</strong></span> <span class='ocrx_word' id='word_1_227' title='bbox 2316 3544 2388 3600; x_wconf 89' lang='lat' dir='ltr'><strong>et</strong></span> <span class='ocrx_word' id='word_1_228' title='bbox 2425 3537 2769 3619; x_wconf 59' lang='lat' dir='ltr'><strong>Baptistae</strong></span> 
     </span>
     <span class='ocr_line' id='line_1_32' title="bbox 869 3636 2773 3720; baseline -0.001 -19"><span class='ocrx_word' id='word_1_229' title='bbox 869 3637 916 3701; x_wconf 85' lang='lat' dir='ltr'><strong>J</strong></span> <span class='ocrx_word' id='word_1_230' title='bbox 923 3637 1218 3703; x_wconf 89' lang='lat' dir='ltr'><strong>ohannis</strong></span> <span class='ocrx_word' id='word_1_231' title='bbox 1267 3639 1716 3720; x_wconf 81' lang='lat' dir='ltr'><strong>martyrium3</strong></span> <span class='ocrx_word' id='word_1_232' title='bbox 1766 3637 1915 3701; x_wconf 89' lang='lat' dir='ltr'><strong>haec</strong></span> <span class='ocrx_word' id='word_1_233' title='bbox 1970 3638 2135 3701; x_wconf 89' lang='lat' dir='ltr'><strong>olim</strong></span> <span class='ocrx_word' id='word_1_234' title='bbox 2175 3656 2218 3700; x_wconf 91' lang='lat' dir='ltr'><strong>a</strong></span> <span class='ocrx_word' id='word_1_235' title='bbox 2254 3644 2489 3700; x_wconf 86' lang='lat' dir='ltr'><strong>monte</strong></span> <span class='ocrx_word' id='word_1_236' title='bbox 2529 3636 2773 3700; x_wconf 91' lang='lat' dir='ltr'><strong>Somer</strong></span> 
     </span>
     <span class='ocr_line' id='line_1_33' title="bbox 869 3738 2773 3819; baseline -0.001 -18"><span class='ocrx_word' id='word_1_237' title='bbox 869 3738 1055 3802; x_wconf 87' lang='lat' dir='ltr'><strong>dicta</strong></span> <span class='ocrx_word' id='word_1_238' title='bbox 1115 3744 1222 3802; x_wconf 88' lang='lat' dir='ltr'><strong>est</strong></span> <span class='ocrx_word' id='word_1_239' title='bbox 1273 3738 1610 3815; x_wconf 88' lang='lat' dir='ltr'><strong>Samaria,</strong></span> <span class='ocrx_word' id='word_1_240' title='bbox 1663 3739 1843 3801; x_wconf 92' lang='lat' dir='ltr'><strong>sicut</strong></span> <span class='ocrx_word' id='word_1_241' title='bbox 1897 3744 1967 3801; x_wconf 92' lang='lat' dir='ltr'><strong>et</strong></span> <span class='ocrx_word' id='word_1_242' title='bbox 2025 3738 2219 3819; x_wconf 86' lang='lat' dir='ltr'><strong>regio</strong></span> <span class='ocrx_word' id='word_1_243' title='bbox 2268 3742 2441 3813; x_wconf 85' lang='lat' dir='ltr'><strong>tota,</strong></span> <span class='ocrx_word' id='word_1_244' title='bbox 2494 3755 2650 3818; x_wconf 86' lang='lat' dir='ltr'><strong>quae</strong></span> <span class='ocrx_word' id='word_1_245' title='bbox 2701 3744 2773 3800; x_wconf 91' lang='lat' dir='ltr'><strong>et</strong></span> 
     </span>
     <span class='ocr_line' id='line_1_34' title="bbox 871 3834 2844 3919; baseline -0.002 -16"><span class='ocrx_word' id='word_1_246' title='bbox 871 3837 1160 3903; x_wconf 89' lang='lat' dir='ltr'><strong>thronus</strong></span> <span class='ocrx_word' id='word_1_247' title='bbox 1197 3838 1328 3901; x_wconf 86' lang='lat' dir='ltr'><strong>fuit</strong></span> <span class='ocrx_word' id='word_1_248' title='bbox 1361 3856 1604 3919; x_wconf 87' lang='lat' dir='ltr'><strong>regum</strong></span> <span class='ocrx_word' id='word_1_249' title='bbox 1637 3837 1882 3901; x_wconf 88' lang='lat' dir='ltr'><strong>Israel.</strong></span> <span class='ocrx_word' id='word_1_250' title='bbox 1964 3836 2204 3901; x_wconf 84' lang='lat' dir='ltr'><strong>Habet</strong></span> <span class='ocrx_word' id='word_1_251' title='bbox 2231 3837 2441 3900; x_wconf 89' lang='lat' dir='ltr'><strong>etiam</strong></span> <span class='ocrx_word' id='word_1_252' title='bbox 2476 3842 2547 3899; x_wconf 90' lang='lat' dir='ltr'><strong>et</strong></span> <span class='ocrx_word' id='word_1_253' title='bbox 2582 3834 2773 3899; x_wconf 89' lang='lat' dir='ltr'><strong>Nea·</strong></span> <span class='ocrx_word' id='word_1_254' title='bbox 2835 3911 2844 3919; x_wconf 90' lang='lat'><strong>.</strong></span> 
     </span>
     <span class='ocr_line' id='line_1_35' title="bbox 870 3935 2775 4021; baseline -0.001 -20"><span class='ocrx_word' id='word_1_255' title='bbox 870 3937 1060 4019; x_wconf 89' lang='lat' dir='ltr'><strong>polin</strong></span> <span class='ocrx_word' id='word_1_256' title='bbox 1116 3938 1230 4002; x_wconf 90' lang='lat' dir='ltr'><strong>vel</strong></span> <span class='ocrx_word' id='word_1_257' title='bbox 1278 3937 1698 4021; x_wconf 89' lang='lat' dir='ltr'><strong>Nicopolim,</strong></span> <span class='ocrx_word' id='word_1_258' title='bbox 1744 3938 1863 4000; x_wconf 91' lang='lat' dir='ltr'><strong>ubi</strong></span> <span class='ocrx_word' id='word_1_259' title='bbox 1917 3937 2038 4000; x_wconf 89' lang='lat' dir='ltr'><strong>filii</strong></span> <span class='ocrx_word' id='word_1_260' title='bbox 2086 3935 2335 4013; x_wconf 87' lang='lat' dir='ltr'><strong>Jacob,</strong></span> <span class='ocrx_word' id='word_1_261' title='bbox 2388 3936 2669 3999; x_wconf 85' lang='lat' dir='ltr'><strong>Simeon</strong></span> <span class='ocrx_word' id='word_1_262' title='bbox 2700 3942 2775 3999; x_wconf 87' lang='lat' dir='ltr'><strong>et</strong></span> 
     </span>
     <span class='ocr_line' id='line_1_36' title="bbox 873 4035 2775 4120; baseline -0.002 -21"><span class='ocrx_word' id='word_1_263' title='bbox 873 4035 1070 4112; x_wconf 90' lang='lat' dir='ltr'><strong>Levi,</strong></span> <span class='ocrx_word' id='word_1_264' title='bbox 1090 4038 1159 4099; x_wconf 89' lang='lat' dir='ltr'><strong>in</strong></span> <span class='ocrx_word' id='word_1_265' title='bbox 1183 4036 1515 4100; x_wconf 89' lang='lat' dir='ltr'><strong>ultionem</strong></span> <span class='ocrx_word' id='word_1_266' title='bbox 1541 4038 1789 4119; x_wconf 84' lang='lat' dir='ltr'><strong>stupri,</strong></span> <span class='ocrx_word' id='word_1_267' title='bbox 1803 4037 1986 4120; x_wconf 91' lang='lat' dir='ltr'><strong>quod</strong></span> <span class='ocrx_word' id='word_1_268' title='bbox 2005 4035 2276 4099; x_wconf 91' lang='lat' dir='ltr'><strong>Sichem</strong></span> <span class='ocrx_word' id='word_1_269' title='bbox 2297 4035 2479 4098; x_wconf 88' lang='lat' dir='ltr'><strong>filius</strong></span> <span class='ocrx_word' id='word_1_270' title='bbox 2494 4035 2775 4098; x_wconf 89' lang='lat' dir='ltr'><strong>Emmor</strong></span> 
     </span>
     <span class='ocr_line' id='line_1_37' title="bbox 869 4134 2771 4218; baseline -0.004 -15"><span class='ocrx_word' id='word_1_271' title='bbox 869 4137 1091 4203; x_wconf 83' lang='lat' dir='ltr'><strong>sorori</strong></span> <span class='ocrx_word' id='word_1_272' title='bbox 1123 4155 1357 4200; x_wconf 89' lang='lat' dir='ltr'><strong>eorum</strong></span> <span class='ocrx_word' id='word_1_273' title='bbox 1392 4136 1599 4201; x_wconf 80' lang='lat' dir='ltr'><strong>Dinae</strong></span> <span class='ocrx_word' id='word_1_274' title='bbox 1639 4136 1996 4212; x_wconf 89' lang='lat' dir='ltr'><strong>intulerat,</strong></span> <span class='ocrx_word' id='word_1_275' title='bbox 2043 4135 2269 4217; x_wconf 89' lang='lat' dir='ltr'><strong>ipsum</strong></span> <span class='ocrx_word' id='word_1_276' title='bbox 2300 4143 2369 4199; x_wconf 88' lang='lat' dir='ltr'><strong>et</strong></span> <span class='ocrx_word' id='word_1_277' title='bbox 2409 4135 2587 4197; x_wconf 90' lang='lat' dir='ltr'><strong>filios</strong></span> <span class='ocrx_word' id='word_1_278' title='bbox 2620 4134 2771 4218; x_wconf 87' lang='lat' dir='ltr'><strong>ejus</strong></span> 
     </span>
    </p>
   </div>
   <div class='ocr_carea' id='block_1_6' title="bbox 963 4285 2673 4355">
    <p class='ocr_par' dir='ltr' id='par_1_6' title="bbox 963 4285 2673 4355">
     <span class='ocr_line' id='line_1_38' title="bbox 963 4285 2673 4355; baseline -0.002 -17"><span class='ocrx_word' id='word_1_279' title='bbox 963 4286 979 4320; x_wconf 85' lang='lat'>¹</span> <span class='ocrx_word' id='word_1_280' title='bbox 1007 4288 1152 4338; x_wconf 78' lang='lat' dir='ltr'><strong>Citra</strong></span> <span class='ocrx_word' id='word_1_281' title='bbox 1183 4289 1465 4355; x_wconf 74' lang='lat' dir='ltr'><strong>Jordanem.</strong></span> <span class='ocrx_word' id='word_1_282' title='bbox 1492 4288 1516 4351; x_wconf 92' lang='grc'>]</span> <span class='ocrx_word' id='word_1_283' title='bbox 1568 4288 1815 4350; x_wconf 83' lang='lat' dir='ltr'><strong>Compare</strong></span> <span class='ocrx_word' id='word_1_284' title='bbox 1840 4287 2075 4338; x_wconf 87' lang='lat' dir='ltr'><strong>Fulcher.</strong></span> <span class='ocrx_word' id='word_1_285' title='bbox 2106 4285 2448 4349; x_wconf 73' lang='lat' dir='ltr'><strong>carnotensis,</strong></span> <span class='ocrx_word' id='word_1_286' title='bbox 2480 4302 2533 4348; x_wconf 83' lang='lat' dir='ltr'><strong>p.</strong></span> <span class='ocrx_word' id='word_1_287' title='bbox 2555 4289 2673 4335; x_wconf 80' lang='lat'><strong>405.</strong></span> 
     </span>
    </p>
   </div>
  </div>
 </body>
</html>
