3108 5059
513 655 621 693 ΑΒ.
644 657 756 694 1169.

513 705 679 744 latter·

509 755 558 792 of
569 755 730 796 Becket

513 807 598 844 and
614 807 774 848 others.

833 467 967 532 330
1337 486 1609 534 nocam
1658 485 1755 533 ΒΕ
1802 483 1871 536 w
1882 485 2214 534 nunovssa

835 643 1112 727 scripsit
1143 643 1216 708 in
1250 643 1400 710 haec
1431 645 1685 724 verba3
1734 636 1788 680 ¹⁶
1819 641 2055 723 Quam
2093 650 2383 726 paterne
2414 650 2486 708 et
2524 662 2736 725 quam

835 745 1135 827 benigne
1186 745 1449 826 regiam
1500 744 1761 827 saepius
1798 744 2282 809 excellentiam
2332 743 2735 808 conveneri-

833 863 990 908 mus
1022 852 1095 909 et
1132 865 1258 928 per
1295 845 1534 911 literas
1571 864 1657 910 ac
1702 845 1989 910 nuntios
2018 844 2447 926 frequentius
2478 841 2737 906 exhor-

835 944 966 1008 tati
1021 943 1376 1023 fuerimus,
1421 952 1503 1009 ut
1553 944 2017 1010 venerabilem
2068 943 2355 1008 fratrem
2417 949 2732 1006 nostrum

833 1042 1199 1122 Thomam,
1224 1044 1797 1110 Cantuariensem
1819 1043 2437 1126 archiepiscopum,
2468 1042 2593 1106 tibi
2620 1061 2729 1106 re-

832 1143 1202 1209 conciliare
1249 1145 1561 1223 deberes,
1604 1152 1677 1210 et
1720 1145 1853 1209 sibi
1896 1151 1969 1208 et
2010 1145 2157 1208 suis
2197 1142 2531 1208 ecclesias
2572 1161 2730 1206 cum

832 1243 1104 1309 caeteris
1154 1245 1410 1310 ablatis
1453 1245 1845 1320 restituere,
1886 1243 2335 1308 sublimitatis
2376 1251 2521 1307 tnae
2564 1261 2728 1323 pru-

831 1342 1070 1408 dentia
1101 1364 1240 1408 non
1269 1345 1573 1426 ignorat,
1594 1364 1753 1410 cnm
1778 1343 1852 1408 id
1880 1344 2013 1408 toti
2044 1343 2189 1408 fere
2218 1341 2730 1408 christianitati

830 1443 1182 1525 publicum
1223 1450 1296 1508 et
1335 1443 1777 1508 manifestum
1823 1443 2129 1523 existat3
2175 1443 2359 1508 unde
2396 1441 2726 1524 quoniam

830 1543 904 1605 in
941 1542 1072 1608 hoc
1102 1544 1459 1627 hucusque
1495 1544 1775 1608 minime
1812 1543 2145 1626 proficere
2185 1541 2563 1626 potuimus,
2598 1559 2726 1604 nec

831 1643 1045 1706 animi
1075 1643 1178 1708 tui
1209 1651 1472 1708 motum
1502 1643 1775 1708 blandis
1796 1662 1881 1707 ac
1914 1643 2185 1707 lenibus
2205 1641 2538 1720 emollire,
2570 1641 2729 1703 tris-

829 1748 936 1806 tes
988 1741 1318 1808 efficimur
1363 1751 1437 1808 et
1478 1743 1817 1821 dolentes,
1859 1750 1932 1807 et
1972 1761 2102 1806 nos
2144 1761 2332 1824 saepe
2375 1741 2509 1805 hac
2550 1739 2726 1803 fidu-

827 1842 938 1906 cia
979 1851 1220 1906 nostra
1259 1842 1576 1907 fi‘ustrati
1614 1843 1970 1922 dolemus3
2017 1843 2403 1924 praesertim
2443 1859 2603 1905 cum
2656 1849 2728 1904 te

827 1942 1012 2006 sicut
1059 1943 1492 2006 carissimum
1531 1943 1749 2008 filium
1792 1941 2129 2006 sincerius
2167 1942 2241 2005 in
2273 1941 2579 2005 Domino
2622 1938 2729 2004 di-

826 2040 1151 2124 ligamnS,
1201 2043 1315 2107 cui
1370 2044 1442 2106 in
1496 2042 1629 2108 hoc
1672 2061 1888 2125 grave
1936 2041 2320 2124 periculum
2368 2039 2728 2104 imminere

826 2142 1178 2222 videmus;
1227 2149 1300 2206 et
1342 2143 1668 2225 quoniam
1718 2142 2056 2225 scriptum
2101 2148 2232 2219 est,
2276 2147 2298 2176 ‘
2322 2140 2593 2217 clama,
2638 2159 2729 2204 ne

827 2260 1081 2318 cesses»,
1113 2242 1315 2323 quasi
1351 2242 1522 2307 tuba
1564 2241 1807 2306 exalta
1843 2258 2085 2307 vocem
2114 2249 2307 2306 tuam
2351 2248 2425 2305 et
2458 2259 2728 2304 annun-

825 2341 928 2404 tia
974 2341 1235 2424 populo
1279 2360 1432 2408 meo
1485 2341 1750 2407 scelera
1800 2340 2084 2419 eorum,’
2128 2340 2453 2406 duritiam
2504 2347 2725 2416 tuam,

825 2441 1010 2505 sicut
1048 2440 1410 2520 hactenus,
1442 2450 1690 2506 contra
1712 2441 2063 2526 justitiam
2112 2449 2185 2506 et
2227 2441 2523 2507 salutem
2568 2458 2726 2504 ves-

827 2549 1010 2606 tram
1055 2562 1194 2606 non
1251 2541 1579 2607 duximus
1634 2543 1927 2607 ulterius
1978 2541 2549 2625 supportandam,
2596 2560 2727 2605 nec

821 2642 1120 2723 praefato
1176 2642 1699 2726 archiepiscopo
1748 2662 1829 2707 os
1873 2643 1961 2706 de
2012 2649 2267 2706 caetero
2324 2642 2559 2723 aliqua
2610 2660 2725 2704 ra-

821 2743 1010 2807 tione
1053 2741 1478 2819 claudemus,
1515 2744 1684 2825 quin
1737 2741 1943 2807 officii
1996 2742 2107 2805 sui
2156 2741 2465 2806 debitum
2508 2740 2725 2805 libere

819 2847 1267 2924 exsequatur,
1317 2849 1388 2907 et
1437 2862 1632 2906 suam
1678 2849 1752 2907 et
1796 2840 2109 2906 ecclesiae
2152 2841 2287 2906 sibi
2336 2840 2725 2906 commissae

817 2940 1142 3025 injuriam
1175 2941 1669 3007 ecclesiasticae
1704 2940 2098 3006 severitatis
2131 2939 2369 3024 gladio
2394 2935 2420 2973 ²
2433 2940 2723 3005 ulcisca-

817 3042 979 3107 tur.'

817 3192 824 3197 .
920 3136 1138 3206 Item³
1178 3141 1458 3207 domino
1503 3140 1995 3205 cantuariensi
2031 3140 2215 3204 idem
2252 3155 2441 3223 papa
2482 3139 2725 3204 literas

815 3239 1074 3306 direxit
1124 3244 1254 3307 sub
1297 3243 1430 3305 hac
1474 3240 1742 3321 forma3
1794 3233 1854 3276 4‘
1887 3240 2235 3319 Quoniam
2289 3257 2525 3321 regem
2569 3238 2724 3304 An·-

816 3340 1087 3422 glorum
1144 3341 1406 3407 diutius
1456 3340 1528 3403 in
1590 3340 1931 3423 patientia
1990 3347 2062 3404 et
2114 3338 2544 3421 benignitate
2596 3359 2721 3404 ex-

813 3442 1309 3522 spectavimuS‚
1338 3448 1411 3506 et
1435 3439 1711 3504 blandis
1742 3440 2197 3523 dulcibusque
2231 3439 2487 3517 verbis,
2516 3447 2589 3504 et
2620 3440 2723 3504 in-

815 3541 1088 3605 terdum
1115 3541 1308 3605 duris
1340 3548 1412 3607 et
1439 3540 1861 3623 asperrimis,
1892 3548 1973 3605 ut
2004 3540 2093 3604 ad
2130 3540 2581 3622 semetipsum
2614 3560 2725 3605 re-

883 3716 899 3747 ¹
918 3720 1077 3775 Quam
1087 3718 1330 3782 paterae]
1349 3718 1599 3779 Compare
1625 3714 1737 3765 Ho-
1855 3713 2062 3778 ³Item]
2084 3716 2267 3765 Before
2290 3715 2413 3777 this,
2426 3714 2723 3764 Alexander

808 3788 990 3850 veden,
1020 3804 1075 3851 p.
1100 3793 1216 3851 506,
1236 3788 1362 3837 with
1387 3802 1504 3850 epp.
1539 3787 1631 3837 lib.
1664 3786 1735 3838 iv.
1784 3786 1886 3835 had
1908 3787 2111 3835 written
2132 3790 2184 3835 to
2220 3785 2418 3835 Becket
2436 3789 2491 3835 to
2514 3786 2721 3848 apprise

808 3873 891 3921 ep.
914 3859 986 3908 iv.
1783 3856 1888 3905 him
1911 3856 1970 3905 of
1984 3856 2070 3905 the
2104 3861 2318 3919 attempt
2347 3855 2411 3905 he
2432 3855 2537 3904 had
2569 3856 2719 3905 made

877 3924 900 3957 ²
927 3928 1247 3991 masadan]
1281 3928 1333 3976 It
1367 3939 1586 3989 appears
1606 3924 1734 3974 from
1784 3932 1837 3977 at
1858 3926 2253 3987 reconciliation,
2277 3927 2343 3988 by
2366 3925 2449 3974 his
2468 3926 2644 3975 letters
2665 3930 2720 3976 to

807 3996 893 4045 the
914 3998 1062 4047 letter
1087 4013 1147 4047 as
1179 3998 1221 4046 it
1247 3998 1294 4046 is
1314 4002 1367 4045 to
1393 3997 1456 4045 be
1489 3994 1649 4043 found
1682 3995 1735 4043 in
1782 3996 1866 4045 the
1888 3996 2044 4059 king;
2080 4010 2165 4046 see
2192 3997 2284 4045 lib.
2309 3996 2348 4047 i.
2369 4010 2453 4058 ep.
2476 3995 2567 4045 liv.

807 4066 1076 4127 Hoveden,
1095 4068 1207 4116 that
1226 4067 1312 4116 the
1332 4080 1464 4129 pope
1497 4068 1611 4114 sent
1631 4068 1736 4112 two

803 4136 1018 4199 legates,
1033 4132 1256 4204 [Simon]
1275 4137 1453 4186 ‘Prior
1473 4136 1539 4184 de
1558 4134 1734 4183 Monte
1847 4128 1865 4158 ⁴
1890 4130 2173 4194 Quoniam]
2198 4130 2447 4192 Compare
2468 4129 2561 4181 lib.
2577 4130 2614 4180 i.
2630 4144 2715 4193 ep.

805 4202 923 4254 Dei’
953 4206 1054 4256 and
1087 4208 1103 4234 ‘
1125 4206 1416 4255 Bernardus
1437 4208 1502 4255 de
1527 4200 1735 4265 corilo:
1782 4202 1936 4263 cxlv„
1956 4202 2082 4250 with
2107 4201 2197 4251 lib.
2222 4216 2272 4251 v·
2296 4215 2383 4261 ep.
2400 4200 2570 4262 xxix„
2592 4200 2721 4250 from

803 4282 854 4325 to
877 4276 1046 4327 confer
1065 4277 1191 4325 with
1213 4276 1298 4325 the
1320 4276 1464 4339 king,
1487 4292 1540 4338 p.
1567 4280 1683 4325 507.
1781 4271 1950 4321 which
1972 4272 2057 4320 the
2080 4275 2189 4321 text
2209 4272 2255 4321 is
2278 4270 2451 4320 taken.
