3108 5059
773 471 908 536 aeo
1288 485 1560 536 1101111111
1606 484 1703 532 nn
1746 481 2163 534 wuunovnn

456 666 701 710 Α.1).1118.
780 654 852 712 et
881 663 1171 728 sequere
1215 663 1350 722 me,
1393 651 1468 709 et
1503 643 1867 710 ostendam
1900 641 2027 706 tibi
2056 639 2500 724 sepulchrum
2528 653 2684 721 pre·

345 719 353 726 '
457 717 744 767 Leaendoss.
818 747 833 760 .

459 767 754 819 Amphibnlun.
782 745 980 811 tlosis
1039 744 1191 829 ejus
1249 744 1559 827 reliquiis
1612 740 2068 828 insignitum!
2167 741 2479 822 Surgens
2518 757 2689 818 ergo

785 845 1164 922 Robertus,
1209 853 1290 910 ut
1326 845 1455 908 sibi
1491 844 1883 920 videbatur,
1919 848 2203 907 secutus
2240 847 2350 905 est
2389 858 2573 915 eum,
2616 844 2691 902 et

785 963 1028 1011 versus
1079 945 1474 1029 aquilonem
1529 944 1605 1009 in
1660 950 1888 1008 strata
1949 941 2233 1025 publica
2294 940 2690 1022 gradientes

786 1051 1243 1130 perrexerunt
1303 1045 1589 1128 pariter,
1630 1044 1851 1108 donec
1904 1041 1993 1106 ad
2047 1041 2409 1125 planitiem
2466 1057 2692 1122 quan-

787 1146 946 1210 dam
998 1146 1087 1209 ab
1145 1144 1432 1228 antiquo
1494 1143 1855 1222 incultam,
1914 1161 2074 1226 quae
2126 1141 2265 1208 sita
2320 1148 2429 1208 est
2475 1139 2691 1224 juxta

789 1239 976 1312 riam
1019 1245 1307 1327 regiam,
1346 1251 1844 1327 pervenerunt3
1887 1242 2186 1308 habebat
2228 1248 2465 1306 autem
2492 1239 2691 1306 locus

789 1346 907 1410 ille
949 1353 1224 1428 gratam
1275 1344 1659 1429 planitiem,
1709 1351 1853 1410 tam
1902 1343 2181 1427 pascuis
2224 1359 2435 1425 quam
2486 1339 2691 1404 fessis

790 1447 862 1509 in
898 1447 1015 1510 via
1055 1445 1446 1510 hominibus
1490 1444 1581 1508 ad
1626 1443 2061 1528 pausandum
2094 1448 2358 1527 aptam,
2392 1441 2465 1506 in
2496 1439 2690 1516 villa,

791 1565 950 1629 quae
1000 1544 1406 1610 Redburnia
1447 1552 1914 1627 nuncupatur,
1951 1543 2176 1608 tribus
2218 1542 2433 1606 ferme
2485 1538 2695 1604 milli-

793 1645 1028 1709 aribus
1083 1663 1128 1708 a
1181 1651 1429 1710 sancto
1481 1644 1751 1710 distans
1798 1641 2099 1708 Albano.
2203 1641 2291 1706 In
2342 1641 2475 1706 hac
2522 1658 2693 1704 sane

791 1744 1082 1829 planitie
1107 1744 1246 1810 duo
1279 1744 1583 1810 colliculi
1606 1745 2028 1822 eminebant,
2061 1743 2183 1826 qui
2213 1747 2234 1776 ‘
2256 1742 2489 1808 Colles
2518 1759 2691 1806 vex-

711 1891 718 1902 .
791 1845 1088 1911 illorum’
1120 1845 1551 1922 dicebantur,
1584 1864 1669 1909 eo
1696 1844 1881 1927 quod
1916 1844 2103 1910 circa
2131 1843 2290 1908 illos
2324 1841 2693 1927 populares

793 1947 1054 2012 fiebant
1083 1963 1460 2012 concursus
1491 1943 1769 2028 quando
1802 1944 2103 2028 populus
2135 1943 2357 2009 fidelis
2386 1961 2479 2008 ex
2512 1941 2694 2006 anti·

794 2065 936 2129 qua
979 2046 1348 2112 traditione
1384 2045 1761 2110 solemnem
1793 2043 2306 2128 processionem
2333 2041 2692 2108 annuatim

795 2145 1104 2210 ecclesiae
1153 2145 1377 2212 sancti
1428 2144 1689 2212 Albani
1744 2145 1979 2210 debita
2030 2164 2189 2210 cum
2244 2142 2695 2210 veneratione

795 2245 1152 2329 persolvit.
1249 2245 1448 2312 Tunc
1493 2253 1782 2310 sanctus
1829 2245 2149 2312 Albanus
2192 2263 2237 2308 a
2278 2245 2397 2311 via
2445 2241 2695 2327 paulu-

798 2345 946 2411 lum
981 2344 1380 2422 declinavit,
1432 2352 1528 2422 et,
1575 2345 2007 2428 apprehensa
2050 2363 2263 2410 manu
2288 2344 2445 2421 viri,
2487 2342 2694 2408 duxit

799 2465 956 2510 eum
997 2445 1088 2509 ad
1132 2464 1347 2510 unum
1392 2444 1478 2510 de
1516 2445 1878 2524 colliculis,
1921 2446 2043 2528 qui
2084 2445 2527 2528 sepulchrum
2574 2443 2692 2508 be-

798 2547 898 2611 ati
950 2548 1277 2633 martyris
1334 2546 1757 2612 continebat.
1862 2547 2156 2624 Deinde,
2210 2564 2547 2611 converso
2605 2543 2694 2611 ad

798 2666 955 2711 eum
1009 2647 1237 2726 vultu,
1287 2650 1309 2683 ‘
1346 2640 1529 2723 Hic,’
1585 2646 1837 2729 inquit,
1883 2651 1904 2680 ‘
1932 2646 2129 2711 locus
2186 2646 2509 2728 magistri
2560 2644 2697 2709 mei

799 2746 1128 2828 reliquias
1169 2754 1386 2825 tenet,
1435 2746 1549 2813 hic
1610 2747 1763 2831 ejus
1821 2765 1984 2811 ossa
2042 2747 2351 2829 contegit
2406 2752 2478 2811 et
2529 2764 2701 2810 con·-

800 2853 1036 2910 servat
1060 2846 1100 2927 ;’
1167 2855 1241 2912 et
1293 2848 1395 2911 sic
1447 2846 1633 2913 fatus
1681 2846 1935 2930 pollice
1984 2847 2119 2912 viri
2169 2854 2425 2915 terram
2476 2845 2700 2911 instar

801 2946 1026 3010 crucis
1076 2940 1094 2977 ¹
1109 2948 1408 3030 aperuit,
1456 2954 1552 3025 et,
1607 2966 1865 3013 eversa*
1896 2948 2180 3031 cespitis
2220 2947 2493 3012 modica
2536 2965 2699 3030 por-

743 3048 747 3056 ‘
803 3045 1018 3124 tione,
1046 3047 1392 3130 quoddam
1423 3049 1751 3113 scrinium
1780 3048 2140 3125 reseravit,
2172 3068 2265 3113 ex
2298 3068 2439 3132 quo
2466 3048 2698 3131 splen-

803 3146 932 3211 dor
990 3149 1242 3213 nimius
1304 3148 1547 3213 exiens
1614 3149 1849 3214 orbem
1900 3148 2263 3213 occiduum
2322 3148 2702 3214 illustravit

804 3253 875 3310 et
915 3248 1138 3329 primo
1189 3247 1364 3313 lucis
1405 3268 1554 3313 suae
1599 3248 1831 3314 radios
1866 3248 1940 3313 in
1980 3249 2219 3313 mundi
2261 3247 2700 3314 latitudinem

805 3347 1082 3428 copiose
1138 3347 1448 3429 diffudit3
1523 3368 1666 3431 quo
1716 3348 1929 3426 facto,
1986 3349 2278 3432 capsula
2322 3348 2701 3417 recluditur

805 3454 877 3509 et
931 3447 1066 3513 loci
1119 3448 1444 3531 planities
1498 3449 1575 3513 in
1623 3455 1886 3514 statum
1938 3449 2305 3531 pristinum
2371 3450 2705 3515 reforma-

804 3555 942 3611 tur.
1031 3547 1284 3631 Stupet
1327 3548 1438 3613 vir
1484 3548 1628 3625 ille,
1679 3556 1775 3625 et,
1828 3548 1991 3630 quid
2036 3550 2171 3614 sibi
2222 3569 2431 3632 super
2480 3551 2569 3615 iis
2612 3550 2706 3619 sit

805 3648 1177 3729 agendum,
1228 3667 1273 3712 a
1319 3656 1565 3713 sancto
1612 3649 1927 3732 postulat
1972 3648 2283 3730 edoceri;
2350 3649 2440 3713 ad
2496 3671 2701 3735 quem

804 3749 1051 3815 beatus
1079 3746 1424 3827 AlbanuS,
1450 3754 1471 3783 ‘
1492 3748 1711 3831 Signa
1737 3748 1967 3815 locum
1988 3749 2384 3835 diligenter,
2402 3758 2505 3827 ut,
2540 3770 2700 3834 quae

805 3866 960 3914 meo
1004 3849 1128 3916 tibi
1172 3857 1335 3915 sunt
1379 3849 1690 3915 revelata
1728 3849 2132 3929 ministerio,
2165 3849 2429 3917 firmius
2471 3851 2707 3917 6111116-

807 3955 1006 4012 reant
1034 3950 1251 4015 menti
1283 3957 1464 4029 tua-33
1509 3950 1745 4015 veniet
1768 3950 1953 4014 enim
1986 3969 2027 4015 6
2056 3952 2375 4034 proximo
2404 3958 2709 4035 tempus,

805 4048 1087 4127 quando
1122 4047 1270 4113 haec
1315 4049 1683 4116 instructio
1712 4057 1837 4115 tua
1860 4050 2183 4133 specialis
2209 4052 2517 4133 generali
2546 4072 2709 4136 pro·

806 4146 1016 4212 sectui
1048 4147 1430 4229 militabit3'
1473 4158 1545 4214 et
1576 4150 1685 4215 his
1713 4150 1942 4227 dictis,
1961 4150 2267 4232 ‘Surge,’
2286 4151 2539 4235 inquit,
2555 4158 2710 4239 {ea-

1335 4307 1627 4375 ¹Apmit.]
1661 4311 1677 4339 ‘
1694 4307 1974 4376 Apparuit'
1997 4311 2051 4361 in
2074 4312 2189 4364 MS.
