3108 5059
846 483 1125 535 nonus
1172 486 1716 536 ms'romAauu.
2081 471 2215 536 235

308 645 639 728 magister
664 639 1119 722 ¹Willelmus,
1149 643 1786 709 Malmesberiensis
1809 643 2214 724 monachus,
2239 667 2350 709 Aa).
2375 668 2488 708 1142.
2519 667 2526 674 ·

308 745 700 828 Anglorum
730 745 1091 809 historiam
1122 744 1549 811 terminavit.

425 918 609 994 Quod
634 940 743 984 rav
774 919 1134 1006 Stephanus
1144 869 1411 1005 frustra
1438 918 1840 985 Limcobniam
1873 917 2117 986 obsedit.

410 1045 620 1110 Anno
662 1047 947 1112 Domini
988 1063 1339 1125 Mcxmu„
1376 1046 1704 1111 defuncto
1742 1066 1944 1130 papa*
1975 1048 2214 1126 Lucio,
2237 1068 2351 1108 nn.
2375 1068 2486 1107 114³.

314 1141 706 1228 Eugenius²
738 1147 921 1212 sedit
957 1148 1033 1210 in
1066 1147 1401 1212 cathedra
1436 1147 1760 1212 Romana
1797 1147 1998 1212 annis
2033 1155 2216 1227 octo,

312 1249 663 1312 mensibus
702 1254 1004 1330 quatuor
1032 1254 1107 1312 et
1136 1247 1377 1312 diebus
1410 1247 1664 1330 viginti
1696 1266 1860 1312 uno.
1956 1247 2214 1312 Eodem
2238 1267 2360 1357 gum
2369 1267 2425 1356 ¹or

318 1367 499 1412 anno
545 1368 674 1412 rex
706 1346 1099 1429 Anglorum
1143 1341 1167 1379 ³
1182 1347 1576 1430 Stephanus
1621 1346 2052 1412 Lincolniam
2097 1350 2218 1413 ob·
2321 1329 2370 1356 ⁰⁰
2387 1329 2430 1357 '¹'

319 1448 523 1526 sedit,
554 1455 627 1512 et
654 1467 813 1512 cum
842 1454 1282 1513 construeret
1312 1448 1760 1530 municipium
1798 1455 2043 1513 contra
2067 1467 2222 1514 cas-
2295 1447 2307 1455 ’

320 1548 583 1626 tellum,
644 1547 832 1630 quod
887 1549 1171 1614 tenebat
1222 1567 1455 1612 comes
1510 1547 1902 1613 Cestrensis
1953 1548 2220 1613 Ranul-

317 1647 518 1730 phuS,
554 1647 855 1730 operarii
894 1648 1048 1732 ejus
1093 1647 1235 1711 fere
1278 1649 1640 1729 octoginta
1673 1666 1718 1711 a
1749 1649 2000 1713 comite
2043 1669 2218 1732 prae-

318 1749 460 1811 fato
496 1748 846 1812 interfecti
891 1753 1084 1824 sunt,
1113 1753 1185 1810 et
1214 1748 1318 1812 sic
1360 1767 1435 1811 re
1474 1747 1879 1831 imperfecta
1906 1749 2216 1813 recessit.

320 1847 583 1912 Eodem
630 1835 812 1911 anno
847 1847 1203 1912 Robertus
1256 1847 1635 1925 Mai-minu,
1667 1846 1776 1912 vir
1821 1848 2216 1925 bellicosus,

319 1949 437 2030 qui
501 1948 878 2012 monachos
939 1948 1451 2022 Coventrenses
1500 1967 1545 2012 a
1607 1967 1736 2012 suo
1795 1948 2216 2012 monasterio

249 2093 264 2102 -
320 2049 685 2130 expulerat
728 2056 803 2112 et
855 2048 941 2111 de
988 2047 1279 2112 ecclesia
1340 2047 1464 2112 illa
1514 2047 1878 2112 castellum
1933 2047 2218 2126 fecerat,

318 2148 480 2212 dum
539 2156 785 2212 contra
848 2147 1083 2212 hostes
1136 2147 1546 2225 decertaret,
1607 2148 1794 2212 inter
1855 2147 2216 2231 praedones

320 2268 481 2312 suos
532 2256 697 2312 ante
738 2249 970 2330 ipsum
1018 2248 1515 2314 monasterium
1560 2247 1752 2312 solus
1817 2256 2218 2332 peremptus

322 2357 458 2425 est,
478 2356 552 2412 et
584 2347 1225 2412 excommunicatus
1274 2356 1497 2412 morte
1529 2347 1926 2428 depascitur
1967 2349 2218 2431 sempi-
2329 2417 2333 2422 ,

320 2457 539 2512 terna.
643 2447 909 2512 Eodem
954 2467 1121 2531 vero
1171 2454 1480 2529 tempore
1524 2445 1930 2528 GaufriduS,
1973 2448 2216 2512 consul

322 2550 405 2613 de
466 2548 926 2626 Mandevilla,
980 2548 1101 2631 qui
1156 2547 1339 2611 idem
1400 2548 1626 2612 scelus
1689 2555 2091 2631 patraverat
2144 2548 2216 2612 in

320 2650 737 2713 monasterio
768 2647 1231 2726 Ramesiensi,
1264 2653 1429 2711 ante
1471 2649 1697 2731 ipsam
1727 2647 2088 2711 ecclesiam
2115 2648 2218 2709 in-

321 2758 425 2814 ter
468 2756 827 2814 consertas
872 2767 1157 2813 suorum
1204 2747 1389 2813 acies
1450 2767 1494 2813 a
1522 2747 1754 2830 pedite
1787 2748 2090 2829 quodam
2119 2748 2219 2811 vi-

318 2849 583 2913 lissimo
610 2848 801 2913 solus
840 2848 1105 2931 sagitta
1134 2866 1505 2931 percussus
1536 2848 1864 2912 occubuit
1899 2846 2218 2912 interfec-

320 2958 477 3029 tus;
524 2949 821 3014 ecclesia
858 2956 1091 3013 autem
1136 2947 1282 3026 illa,
1316 2948 1483 3011 dum
1525 2968 1652 3031 pro
1698 2947 1988 3013 castello
2030 2955 2220 3012 tene—

324 3060 537 3127 retur,
572 3069 617 3113 a
648 3050 795 3114 suis
843 3048 1223 3131 parietibus
1262 3049 1673 3131 sanguinem
1718 3046 2014 3111 ubertim
2057 3048 2220 3111 emi-

324 3151 438 3228 sit,
470 3148 1021 3231 indignationem
1058 3148 1363 3213 divinam
1410 3149 1780 3212 manifeste
1831 3148 2216 3212 declarans.

320 3248 665 3315 Arnulfus
708 3250 943 3326 etiam,
998 3247 1306 3332 ejusdem
1346 3249 1618 3312 comitis
1652 3247 1860 3325 filius,
1899 3248 2022 3330 qui
2062 3254 2224 3330 post

324 3358 616 3414 mortem
651 3349 871 3432 patris
904 3348 1265 3412 ecclesiam
1312 3348 1502 3411 illam
1547 3367 1678 3430 pro
1710 3347 1999 3411 castello
2036 3347 2222 3410 tene-

319 3451 461 3528 bat,
508 3468 553 3513 a
598 3468 763 3530 rege
816 3455 1063 3531 captus
1121 3455 1230 3512 est
1291 3446 1371 3512 et'
1415 3448 1774 3512 exsulatus
1813 3467 1832 3529 3
1901 3446 2221 3530 princeps

321 3569 600 3633 quoque
642 3549 910 3613 militiae
944 3548 1095 3632 ejus
1140 3549 1229 3611 ab
1264 3567 1445 3629 equo
1484 3566 1814 3612 corruens
1847 3546 2004 3611 fuso
2039 3567 2222 3612 cere-

319 3652 443 3715 bro
466 3648 880 3732 exspiravit.
945 3646 1293 3728 Magister
1314 3648 1627 3730 peditum
1650 3640 1677 3679 ⁴
1691 3647 2085 3722 Reinerius,
2103 3647 2224 3729 qui

386 3810 407 3843 ¹
440 3812 733 3861 Willelmus.
757 3809 781 3873 ]
816 3809 901 3857 He
922 3811 968 3858 is
991 3808 1248 3871 generally
1297 3810 1465 3859 textis
1488 3814 1680 3859 correct
1699 3827 1716 3870 ;
1750 3808 1835 3856 the
1851 3809 2047 3857 erroris
2065 3809 2117 3855 in
2137 3808 2224 3856 the

318 3882 576 3945 supposed
598 3886 652 3929 to
684 3880 814 3929 have
836 3879 957 3928 died
988 3880 1042 3927 in
1068 3878 1169 3927 this
1191 3893 1249 3927 or
1295 3896 1419 3940 year
1438 3881 1492 3928 in
1514 3879 1684 3929 which
1705 3878 1826 3939 they
1848 3892 1935 3927 are
1956 3878 2180 3928 entered.
2197 3876 2210 3884 ”

318 3949 1093 4083 ξουᾶζξοιᾜωῖἶῗΰῇεω
1144 3948 1248 3999 Mr‘
1350 3973 1389 4021 '⁸
1412 3990 1691 4053 Stephanus
1733 3988 2039 4037 Lincolniam
2091 3988 2224 4037 obae-

389 4090 411 4121 2
432 4091 708 4154 gagen-w,
741 4089 765 4153 ]
822 4089 907 4138 the
951 4088 1128 4145 minu
1184 4087 1247 4135 he
1297 4053 1419 4129 dia]
1446 4060 1643 4123 ,Henry
1679 4058 1738 4109 of
1778 4058 2134 4123 Huntingdon,
2170 4075 2223 4121 p.

321 4164 441 4215 died
477 4163 529 4211 in
568 4161 697 4223 July
738 4164 887 4209 1153.
957 4159 1037 4207 As
1074 4162 1125 4207 to
1162 4157 1248 4206 the
1299 4134 1415 4181 ³⁹³·

320 4236 439 4282 time
472 4232 531 4281 os
557 4231 861 4293 occupation
892 4228 950 4278 of
975 4229 1061 4278 the
1094 4228 1249 4290 papal
1368 4222 1389 4254 ⁴
1416 4224 1696 4277 Reinerius.
1742 4224 1766 4290 ]
1844 4224 1861 4253 ‘
1895 4223 2163 4273 Reimerus
2189 4221 2228 4283 ς’

322 4304 463 4354 chair
497 4305 567 4365 by
599 4301 742 4351 these
775 4300 915 4349 three
954 4312 1132 4362 popes,
1164 4298 1249 4347 the
1303 4295 1592 4357 Huntingd.
