3108 5059
878 503 1161 553 temnus
1209 504 1752 555 ms'ronnfflum.
2181 490 2270 555 13

351 662 709 726 manniam
752 662 1099 725 transiens
1151 660 1225 724 in
1274 678 1485 724 manu
1541 659 1814 742 potenti
1863 659 1995 724 sibi
2039 658 2263 726 Ceno·
2295 681 2406 721 ω).
2430 681 2542 722 1073.

2295 730 2482 770 william

350 761 707 825 manniam
758 761 1205 844 subjugavit3
1254 760 1377 824 sed
1407 760 1628 840 Angli
1675 761 1749 823 in
1797 759 1930 824 hac
1979 761 2265 842 expedi·
2292 791 2501 830 conque„

244 937 255 948 ·
348 861 565 938 tione,
602 863 833 938 urbes,
866 863 1057 925 vicos
1090 867 1161 924 et
1192 854 1467 924 ¹vineas
1498 879 1656 923 cum
1691 859 2008 940 frugibus
2042 880 2265 944 popu—

348 960 606 1038 lantes,
640 980 913 1025 omnem
944 961 1377 1042 provinciam
1411 959 1811 1024 debiliorem
1845 961 2066 1024 multo
2105 968 2266 1043 post

348 1066 664 1142 tempore
710 1060 1158 1124 reddiderunt
1196 1079 1215 1138 ς
1272 1059 1543 1136 deinde,
1586 1060 1758 1123 bene
1803 1060 2123 1123 omnibus
2168 1060 2265 1123 ibi

349 1159 737 1243 dispositis,
766 1160 854 1223 ad
886 1159 1214 1241 Angliam
1257 1158 1758 1224 transfretavit.
1866 1158 1954 1222 In
1995 1159 2126 1222 hoc
2168 1157 2264 1222 si-

348 1260 633 1340 quidem
678 1279 886 1336 anno,
931 1253 1236 1323 ²duobus
1283 1259 1483 1322 annis
1522 1259 1797 1340 magnis
1846 1259 2180 1322 revolutis
2221 1279 2264 1322 a

348 1361 599 1440 quinto
648 1359 913 1440 decimo
964 1378 1145 1423 anno
1191 1358 1451 1422 Tiberii
1495 1357 1820 1435 CaesariS,
1864 1359 2096 1421 omnia
2155 1377 2265 1422 se-

350 1458 655 1522 cundum
715 1477 991 1522 cursum
1068 1458 1237 1522 solis
1300 1464 1373 1520 et
1429 1459 1613 1521 lunae
1675 1457 2098 1522 concordant
2160 1457 2262 1521 illi

348 1577 560 1635 anno,
604 1578 743 1640 quo
787 1559 1185 1642 baptizatus
1242 1564 1349 1622 est
1383 1556 1703 1621 Christus
1733 1556 1970 1632 JesuS,
2013 1557 2084 1620 id
2129 1564 2260 1635 est,

347 1665 603 1722 octavo
652 1658 808 1721 idus
855 1657 1179 1722 Januarii
1223 1658 1333 1721 die
1380 1657 1794 1740 Epiphaniae
1841 1666 1913 1720 et
1957 1657 2068 1720 die
2113 1656 2262 1720 Do-

346 1758 628 1834 minica,
660 1758 933 1827 initium
954 1757 1206 1841 jejunii
1241 1757 1392 1840 ejus
1423 1758 1499 1820 in
1536 1756 1844 1820 secunda
1877 1756 2072 1833 feria,
2106 1763 2260 1820 ten-

344 1859 525 1921 tatio
583 1858 735 1941 ejus
784 1857 1048 1921 decimo
1096 1857 1338 1940 quinto
1390 1855 1726 1920 kalendas
1771 1856 2040 1932 Martii,
2089 1856 2262 1919 feria

342 1965 608 2036 sexta3
676 1957 887 2021 habet
942 1963 1175 2020 autem
1223 1975 1521 2038 magnus
1585 1975 1809 2020 annus
1869 1955 2049 2038 cycli
2097 1973 2258 2036 pas-

344 2056 565 2120 chalis
602 2057 828 2120 decies
856 2057 1097 2120 novies
1132 2075 1349 2120 annos
1383 2056 1634 2138 viginti
1665 2062 1847 2132 octo,
1884 2056 2006 2138 qui
2049 2054 2256 2118 simul

337 2155 573 2240 juncti
606 2157 871 2220 faciunt
903 2176 1121 2220 annos
1155 2156 1573 2239 quingentos
1604 2156 1894 2237 triginta
1928 2155 2124 2220 duos·

772 2330 871 2393 De
900 2329 1197 2393 scandalo
1228 2330 1299 2393 in
1328 2329 1579 2394 ecclesia
1611 2339 1834 2394 exorto.

2293 831 2454 870 unixae.

448 2452 660 2517 Anno
691 2454 979 2546 Domini
1013 2471 1335 2519 MLXXW.
1372 2454 1755 2537 Gregorius
1801 2455 1982 2520 sedit
2024 2455 2096 2518 in
2141 2474 2257 2520 ca·
2281 2470 2536 2529 A·D·10⁷4·,

2282 2521 2463 2561 General

341 2554 595 2619 thedra
641 2555 964 2620 Romana
1016 2557 1217 2619 annis
1265 2556 1650 2633 duodecim,
1698 2576 1932 2620 mense
1981 2576 2121 2621 uno
2185 2563 2257 2620 et
2281 2572 2459 2612 couneu-

341 2655 568 2718 tribus
603 2654 871 2719 diebus.
973 2655 1122 2719 Iste
1155 2674 1341 2739 papa
1372 2656 1447 2720 in
1472 2650 1776 2739 ³synodo
1813 2657 2119 2737 generali
2161 2657 2256 2719 si-

341 2755 701 2818 moniacos
730 2756 1382 2832 excommunicavit,
1416 2764 1754 2819 uxoratos
1785 2756 2180 2819 sacerdotes
2213 2774 2259 2819 a

343 2854 585 2918 divino
618 2856 913 2919 removit
946 2853 1169 2919 officio
1206 2862 1277 2917 et
1314 2855 1510 2919 laicis
1554 2856 1802 2918 missas
1848 2875 2084 2919 eorum
2131 2874 2255 2918 au-

341 2953 491 3018 dire
518 2953 906 3031 interdixit,
944 2974 1124 3018 novo
1158 2954 1477 3036 exemplo
1512 2962 1606 3032 et,
1641 2961 1720 3018 ut
1752 2955 1990 3018 multis
2025 2955 2254 3019 visum

342 3060 474 3131 est,
514 3052 1027 3117 inconsiderato
1063 3053 1353 3137 judicic,
1399 3060 1643 3118 contra
1686 3062 2082 3119 sanctorum
2129 3073 2253 3135 pa—

342 3160 532 3217 trum
601 3154 1039 3229 sententiam,
1096 3154 1214 3235 qui
1269 3154 1717 3235 scripserunt,
1773 3154 1957 3236 quod
2021 3172 2256 3217 sacra-

344 3260 609 3327 menta,
644 3272 800 3334 quae
844 3253 916 3315 in
962 3252 1255 3316 ecclesia
1299 3251 1497 3329 fiunt,
1528 3253 1899 3335 baptisma,
1933 3253 2255 3329 chrisma,

345 3370 603 3435 corpus
640 3350 900 3415 Christi
927 3358 998 3415 et
1028 3352 1338 3433 sanguiS,
1373 3352 1638 3433 Spiritu
1667 3352 2108 3416 invisibiliter
2139 3372 2256 3416 co-

341 3459 704 3534 operante,
731 3451 1099 3514 eorundem
1125 3458 1716 3515 sacramentorum
1744 3450 2060 3515 effectum
2097 3451 2254 3534 [ha-

342 3550 619 3631 beant],
652 3570 776 3613 seu
808 3570 933 3632 per
952 3552 1195 3627 bonos,
1224 3570 1347 3613 seu
1376 3570 1499 3632 per
1530 3552 1750 3615 malos
1773 3552 1959 3615 intra
1985 3551 2122 3616 Dei
2145 3572 2256 3615 ec-

342 3651 629 3714 clesiam
669 3649 1191 3731 dispensentur3
1246 3656 1475 3714 tamen
1513 3650 1681 3732 quia
1713 3650 2013 3732 Spiritus
2047 3651 2260 3714 Sanc-

414 3876 429 3905 ¹
472 3875 733 3939 Vineam]
766 3876 782 3903 ‘
807 3875 913 3924 laid
950 3882 1111 3925 waste
1145 3876 1277 3925 their
1328 3874 1346 3905 ‘
1364 3876 1572 3925 Grande
1598 3876 1888 3938 chronique
1911 3876 1975 3925 de
1999 3877 2254 3928 Matthieu

342 3947 641 4009 vineyards,
672 3946 774 3995 and
808 3946 1005 3995 bui-ned
1036 3946 1169 3995 their
1204 3948 1275 3995 ci·
1329 3946 1507 4005 Paris3
1547 3960 1644 4007 par
1667 3946 2202 3997 Huillard-Breholles
2222 3942 2253 4007 ς’

344 4018 480 4069 ties?
553 4017 679 4065 Sax.
703 4016 889 4066 Clu-on.
1328 4016 1497 4075 Paris,
1521 4020 1668 4067 1840.

411 4085 433 4118 ²
455 4086 663 4137 Dmbm
682 4086 826 4135 annis
845 4080 1083 4153 magatia]
1121 4087 1272 4147 Upon
1396 4082 1417 4112 ³
1439 4085 1632 4149 Synodo
1672 4086 1893 4149 generali
1915 4102 1936 4143 ;
1970 4086 1994 4149 ]
2038 4084 2158 4133 held
2201 4089 2256 4135 at

342 4158 449 4207 this
468 4170 713 4219 passage,
732 4155 833 4204 and
853 4155 938 4204 the
961 4170 1099 4205 error
1115 4155 1173 4204 of
1186 4155 1272 4204 the
1326 4155 1503 4205 Rome.
1569 4156 1677 4205 The
1706 4156 2036 4217 proceedings
2067 4155 2128 4203 of
2153 4155 2255 4203 this

344 4228 633 4289 Dionysian
655 4226 797 4285 cycle
818 4226 1018 4275 noticed
1038 4226 1203 4275 below
1220 4225 1272 4273 in
1326 4224 1525 4275 eouncil
1548 4240 1634 4275 are
1667 4226 1868 4287 printed
1902 4227 1970 4286 by
1995 4225 2255 4287 Harduin,

347 4302 495 4359 1⁰⁷6,
518 4311 604 4346 see
626 4299 737 4343 note
760 4292 797 4357 ¹,
811 4300 865 4344 at
883 4294 969 4344 the
991 4296 1089 4345 end
1111 4296 1169 4343 of
1187 4293 1272 4343 the
1324 4295 1395 4345 vi.
1417 4296 1514 4345 col.
1542 4299 1689 4346 1521.
