3108 5059
869 461 960 526 98
1383 477 1653 528 nocam
1704 478 1797 526 nu
1842 477 2261 528 wsunovna

552 653 604 742 i}
600 652 682 742 ¹1⁸)to
683 651 800 752 ωτι
875 635 1131 704 vulnus
1165 634 1306 700 sere
1334 634 1707 714 letiferum,
1737 636 1827 702 ab
1852 653 2019 702 urso
2046 634 2351 719 quodam
2382 633 2517 700 sibi
2562 633 2783 700 inflic-

548 753 854 796 mecm-⁸110·-
879 747 1052 804 tum.
1123 737 1312 802 Dum
1343 735 1444 801 ibi
1471 736 1921 814 constitutus,
1954 737 2047 803 ob
2078 736 2381 818 gratiam
2412 734 2781 800 recreatio-

881 838 992 906 nis
1043 838 1294 904 silvam
1331 838 1683 922 quandam
1733 837 2115 920 ingressus,
2164 855 2543 922 pauperem
2588 855 2785 920 pere-

882 940 1155 1054 grinum
1183 938 1451 1004 invenit
1475 937 1672 1020 ligna
1700 938 1899 1004 arida
1928 944 2525 1022 comportantem3
2577 955 2783 1021 quem

883 1059 1088 1105 ursus
1119 1039 1367 1148 ingens
1397 1045 1469 1104 et
1499 1038 1825 1104 horrendi
1854 1038 2165 1121 corporis
2194 1036 2627 1152 fugientem
2604 1055 2789 1102 mse-

883 1159 1106 1224 quens
1144 1148 1224 1206 ut
1223 1119 1660 1217 devoraret,
1697 1138 2083 1223 periculum
2122 1137 2491 1204 imminens
2524 1156 2790 1222 pauper

884 1240 1186 1307 clamore
1234 1246 1581 1322 testatur3
1644 1238 1793 1306 dux
1836 1258 2027 1317 vero,
2067 1257 2441 1323 pauperem
2480 1238 2789 1304 claman-

886 1351 1025 1408 tem
1061 1339 1496 1425 conspiciens
1537 1345 1609 1404 et
1646 1339 1891 1423 rapido
1924 1359 2131 1406 cursu
2165 1339 2573 1422 fugientem,
2603 1358 2791 1404 com-

886 1443 1152 1526 patitur
1215 1441 1586 1525 peregrino
1636 1441 1789 1526 jam
1845 1460 1891 1505 a
1953 1440 2187 1506 bellua
2236 1440 2664 1517 devorando,
2720 1445 2791 1504 et

886 1541 1218 1608 velociter
1275 1541 1501 1619 irruit,
1562 1540 1811 1608 educto
1876 1540 2139 1622 gladio,
2190 1548 2272 1607 ut
2318 1560 2520 1624 opem
2578 1539 2791 1604 ferret

887 1642 1218 1726 patienti:
1266 1641 1512 1708 videns
1539 1662 1708 1726 ergo
1738 1659 1945 1708 ursus
1974 1640 2219 1708 ducem
2254 1641 2491 1724 gladio
2522 1640 2793 1706 instan-

888 1751 1054 1822 tem,
1079 1748 1318 1826 spreto
1344 1743 1735 1826 peregrino,
1760 1759 1967 1824 quem
1999 1742 2191 1824 prius
2224 1741 2791 1824 persequebatur,

887 1844 1210 1910 dentibus
1239 1849 1549 1910 armatus
1592 1850 1665 1908 et
1698 1843 2047 1924 unguibus
2082 1842 2158 1908 in
2194 1842 2465 1908 hostem
2508 1861 2585 1906 se
2627 1861 2793 1906 con-

889 1945 1052 2010 tulit
1099 1943 1478 2010 fortiorem.
1580 1941 1895 2008 Tandem
1953 1941 2125 2021 dux,
2186 1962 2367 2027 equo
2422 1941 2794 2007 crudeliter

891 2046 1282 2122 vulnerato,
1311 2042 1524 2127 pedes
1556 2042 1845 2132 effectus
1876 2042 2111 2125 gladio
2142 2063 2287 2110 rem
2316 2043 2619 2126 agebat;
2676 2063 2795 2106 ur-

892 2165 1012 2212 sus
1056 2151 1291 2209 autem
1331 2143 1579 2228 patulo
1625 2143 1767 2209 oris
1813 2143 1995 2210 rictu
2042 2150 2116 2208 et
2162 2163 2513 2210 murmure
2554 2161 2797 2208 occur-

891 2265 1052 2312 rens
1109 2243 1414 2322 horrido,
1467 2243 1665 2310 ducis
1737 2243 2201 2309 constantiam
2263 2242 2799 2327 parvipendens,

894 2350 1297 2428 contempto
1349 2344 1611 2427 gladio,
1665 2343 1913 2408 nititur
1978 2362 2057 2408 se
2120 2343 2431 2410 cominus
2485 2343 2799 2426 ingerere

893 2444 1333 2531 repugnanti.
1439 2443 1665 2509 Porro
1695 2443 1868 2521 dux,
1911 2443 2289 2511 irruentem
2319 2463 2364 2508 a
2392 2463 2473 2510 se
2500 2443 2803 2509 belluam

894 2546 1282 2633 propellere
1322 2545 1561 2628 gladio
1610 2545 1781 2612 totis
1828 2545 2093 2611 nisibus
2134 2545 2433 2625 instans,
2476 2564 2803 2610 mucrone

893 2668 1046 2715 eam
1088 2645 1450 2731 perfodere
1490 2645 1896 2725 laborabat3
1947 2665 2191 2711 verum
2244 2665 2450 2711 ursus
2491 2645 2801 2729 gladium

893 2748 1276 2825 declinans,
1305 2754 1378 2813 et
1410 2746 1657 2813 ducem
1688 2745 1989 2813 brachiis
2034 2746 2431 2830 amplexum
2464 2746 2805 2813 constrin-

897 2867 1094 2932 genS,
1129 2848 1202 2912 in
1235 2847 1458 2914 solum
1499 2846 1799 2932 dejicere
1838 2853 2159 2925 conatur,
2203 2853 2284 2913 ut
2326 2848 2457 2913 sub
2498 2866 2577 2913 se
2619 2847 2804 2930 posi-

896 2956 1044 3017 tum
1104 2948 1312 3014 dente
1368 2954 1607 3030 posset
1649 2946 1920 3013 facilius
1970 2954 2043 3013 et
2097 2948 2447 3030 unguibus
2493 2947 2797 3029 laniare3

896 3069 1139 3115 verum
1182 3048 1380 3113 miles
1426 3054 1753 3113 strenuus
1795 3054 1869 3113 et
1898 3047 1973 3113 in
2004 3048 2217 3113 armis
2248 3048 2593 3132 egregius,
2623 3048 2805 3115 laeva

896 3149 1199 3215 belluam
1274 3147 1706 3232 complexus,
1765 3146 2015 3213 dextra
2072 3147 2396 3231 impingit
2455 3148 2675 3214 aciem
2737 3155 2807 3215 et

899 3250 1151 3333 capulo
1195 3254 1402 3314 tenus
1443 3248 1768 3311 immerso
1810 3247 2045 3330 gladio
2078 3254 2369 3313 mortem
2402 3246 2658 3331 ingerit
2700 3268 2805 3312 re·

899 3349 1218 3414 luctanti.
1306 3348 1603 3413 Saucius
1646 3354 1881 3412 tamen
1924 3348 2072 3412 dux
2114 3354 2187 3413 et
2236 3366 2481 3414 cruore
2531 3366 2805 3432 resper-

902 3468 1048 3528 sus,
1078 3447 1659 3532 periculosissime
1686 3466 1965 3531 quoque
1992 3446 2422 3526 vulneratus,
2450 3456 2807 3514 cruentam

903 3548 1110 3615 nimis
1151 3547 1514 3615 victoriam
1560 3548 1993 3631 reportavit3
2038 3547 2223 3615 unde
2264 3548 2480 3613 nimia
2521 3550 2803 3633 sangui-

902 3652 1014 3731 nis
1067 3647 1402 3716 effusione
1462 3647 1865 3715 debilitatus
1927 3648 2019 3714 ad
2074 3647 2347 3721 sodales
2396 3669 2537 3716 non
2578 3650 2808 3733 potuit

902 3768 1232 3845 remeare.
1333 3746 1647 3814 Tandem
1694 3768 1886 3827 vero,
1929 3748 2267 3833 praedicto
2306 3768 2639 3833 paupere,
2688 3750 2807 3834 qui

905 3850 1059 3935 ejus
1099 3848 1433 3915 beneficio
1481 3856 1777 3915 mortem
1822 3856 2167 3929 evaserat,
2211 3849 2687 3933 proclamante
2718 3857 2809 3915 et

903 3969 1143 4014 casum
1211 3949 1585 4028 indicante,
1653 3956 2025 4015 accurrunt
2088 3948 2395 4031 legiones
2440 3951 2807 4029 universae,

904 4057 979 4115 et
1041 4048 1307 4114 lectica·
1357 4049 1757 4133 impositum
1822 4069 1980 4114 cum
2041 4049 2304 4132 gemitu
2374 4050 2681 4117 omnium
2742 4058 2813 4117 et

904 4148 1278 4234 lachrymis
1307 4146 1706 4215 detulerunt
1730 4149 1823 4215 ad
1841 4157 2099 4229 castra,
2119 4157 2192 4216 et
2217 4150 2348 4215 sub
2368 4138 2809 4235 chyrurgico-

907 4271 1059 4315 rum
1113 4248 1593 4326 sollicitudine·
1638 4249 1834 4315 illum
1889 4251 2315 4335 deputarunt
2365 4250 2585 4317 donec
2649 4272 2814 4318 con-
