3108 5059
502 639 613 678 ΔΑ).
637 639 753 678 11⁶⁶.

503 690 670 728 Letten

504 741 548 778 ot
567 738 730 778 Becket

504 789 590 828 and
605 788 761 830 others.

507 1235 702 1276 Becket's

508 1298 562 1327 au
675 1314 686 1324 .

827 443 962 510 318
1343 461 1615 510 uocum
1663 463 1758 509 ns
1804 460 2220 511 wnNuovna

801 626 984 684 .rato
1041 638 1224 684 nunc
1269 620 1359 684 ad
1404 639 1665 704 papam
1714 621 2147 705 appellamus
2194 640 2320 704 per
2372 621 2735 702 scriptum,

828 727 902 784 et
940 719 1428 803 appellationis
1473 722 1841 786 terminum
1888 721 2069 810 diem
2114 720 2540 785 ascensionis
2582 720 2733 786 Do-

829 819 1104 884 minicae
1133 820 1603 902 assignamus.
1609 821 1628 846 '

879 992 1175 1080 Epistola
1208 991 1370 1060 beati
1404 994 1663 1072 Thomae,
1700 993 2171 1059 Oantwriomis
2196 991 2673 1078 archiepisoqoi‚

1251 1093 1344 1158 ad
1373 1093 1675 1179 episcopos
1704 1093 2129 1180 mffrayaneos
2152 1113 2309 1157 suos.

917 1217 1282 1296 ‘Thomas
1289 1211 1314 1251 ¹
1338 1217 1865 1283 cantuariensis
1888 1217 2475 1301 archiepiscopati,
2480 1214 2737 1279 suffra

829 1319 1072 1400 ganeis
1101 1319 1271 1383 suis·
1346 1318 1839 1384 Fraternitatis
1868 1325 2123 1382 vestrae
2154 1318 2514 1400 scriptum,
2545 1315 2733 1398 quod

827 1424 1063 1482 tamen
1105 1417 1192 1482 de
1235 1417 1582 1482 communi
1609 1423 1845 1481 vestro
1880 1416 2171 1482 consilio
2208 1437 2349 1481 non
2390 1414 2735 1479 credimus

829 1535 1214 1594 emanasse,
1275 1529 1496 1600 nuper
1543 1517 1999 1600 suscepimus,
2050 1516 2253 1599 cujus
2304 1515 2737 1580 continentia

827 1616 986 1698 plus
1034 1615 1246 1680 habet
1276 1617 1753 1682 mordacitatis
1792 1633 2001 1698 quam
2034 1616 2315 1694 'solatii3
2362 1621 2434 1678 et
2467 1614 2734 1679 utinam

828 1716 1054 1798 magis
1095 1716 1420 1780 emissum
1463 1723 1651 1780 esset
1696 1716 1786 1779 de
1827 1716 2140 1780 caritatis
2196 1714 2470 1791 effectu,
2520 1731 2732 1796 quam

828 1808 916 1878 d'e
949 1815 1345 1885 obedientia
1362 1815 1789 1880 voluntatis!
1870 1815 2051 1880 Dico
2084 1813 2307 1892 vobis,
2334 1814 2534 1880 salva
2563 1831 2737 1896 paace

827 1921 1086 1992 vestra,
1135 1915 1322 1996 quod
1373 1914 1595 1979 multo
1636 1923 1943 1997 tempore
1986 1915 2633 1996 silut-exspectans
2668 1913 2735 1974 si

827 2013 1005 2077 forte
1049 2014 1422 2096 inspiraret
1447 2015 1647 2078 vobis
1692 2014 1889 2079 Deus
1931 2021 2013 2078 ut
2056 2011 2503 2078 resumeretis
2526 2012 2737 2088 vires,

827 2113 949 2195 qui
994 2114 1312 2177 conversi
1355 2113 1526 2180 estis
1570 2121 1953 2178 retrorsum·
1990 2115 2065 2178 in
2100 2113 2213 2178 die
2254 2113 2444 2190 belli,
2481 2113 2544 2179 si
2588 2111 2736 2174 sal-

827 2218 970 2276 tem
1023 2211 1276 2294 aliquis
1328 2229 1420 2276 ex
1466 2213 1666 2277 vobis
1708 2213 2113 2277 ascenderet
2156 2233 2247 2276 ex
2292 2211 2616 2288 adverso,
2662 2219 2736 2274 et

829 2318 1214 2393 opponeret
1261 2329 1338 2374 se
1381 2327 1652 2374 murum
1693 2329 1819 2395 pro
1864 2312 2071 2379 domo
2116 2311 2364 2389 Israel,
2405 2318 2477 2376 et
2508 2318 2734 2375 certa-

829 2428 986 2473 men
1029 2409 1236 2474 iniret
1279 2417 1524 2475 contra
1568 2429 1712 2488 eoS,
1758 2411 1879 2492 qui
1922 2429 2062 2476 non
2100 2418 2377 2475 cessant
2423 2410 2735 2493 quotidie

828 2509 1262 2592 exprobrare·
1282 2509 1544 2591 agmini
1576 2510 1711 2577 Dei
1737 2531 1773 2591 3.
1802 2509 1925 2575 sed
1952 2529 2091 2575 non
2118 2517 2227 2575 est
2247 2511 2374 2594 qui
2398 2510 2733 2575 ascendit.

828 2608 875 2673 J
881 2609 1116 2674 udicet
1159 2630 1326 2692 ergo
1372 2610 1569 2674 Deus
1613 2610 1798 2674 iuter
1839 2628 1949 2673 me
1994 2618 2067 2674 et
2099 2629 2261 2687 voS,
2303 2617 2375 2674 et
2424 2610 2735 2691 requirat

827 2708 1140 2773 ecclesiae
1173 2708 1654 2773 confusionem
1700 2709 1787 2773 de
1830 2710 2151 2775 manibus
2181 2708 2457 2787 vestris,
2500 2726 2736 2791 quam,

827 2808 998 2872 velit
1049 2808 1225 2873 nolit
1289 2808 1624 2886 mundus,
1664 2826 1947 2873 necesse
2002 2816 2113 2873 est
2159 2808 2234 2872 iu
2282 2810 2737 2873 verbo‘stare

829 2906 989 2984 Dei,
1037 2906 1110 2969 in
1151 2898 1290 2989 quo
1311 2954 1318 2961 .
1340 2902 1633 2972 fundata
1682 2915 1814 2985 est,
1856 2904 2089 2973 'donec
2128 2907 2324 2973 venit
2367 2907 2540 2972 hora
2579 2907 2733 2992 ejus

825 3012 906 3069 ut
935 3012 1250 3071 transeat
1277 3025 1366 3069 ex
1396 3005 1526 3071 hoc
1559 3007 1817 3070 mundo
1854 3008 1939 3071 ad
1980 3007 2317 3077 Patrem..
2365 3006 2735 3072 Exciditne

827 3124 872 3168 a
915 3096 1246 3170 memoria
1277 3114 1512 3170 vestra
1546 3106 1713 3190 quid
1759 3114 2085 3189 ageretur
2140 3126 2409 3171 mecum
2455 3115 2529 3171 et
2574 3124 2731 3170 cum

825 3205 1119 3269 ecclesia
1179 3205 1314 3269 Dei
1368 3205 1554 3287 apud
1602 3205 2231 3289 Norhamptonam,
2273 3226 2435 3269 eum
2480 3207 2732 3270 iterum

815 3304 1252 3386 judicaretur
1315 3302 1635 3369 Christus
1692 3304 1765 3367 in
1826 3324 2123 3388 persona
2181 3306 2359 3369 mea'
2380 3313 2551 3370 ante
2605 3306 2730 3368 tri·

825 3403 1038 3466 bunal
1079 3402 1418 3486 praesidiS,
1476 3421 1635 3467 cum
1682 3411 2069 3469 arctaretur
2117 3405 2374 3487 praesul
2426 3404 2731 3469 Cantua-

825 3502 1070 3565 riensis
1131 3504 1220 3567 ob
1277 3502 1571 3586 injurias
1618 3503 1750 3567 sibi
1798 3510 1872 3567 et
1922 3504 2233 3569 ecclesiae
2286 3503 2421 3567 Dei
2472 3504 2732 3587 passim

823 3599 1060 3665 illatas
1122 3609 1195 3667 et
1243 3609 1611 3683 cogeretur
1665 3602 2059 3667 Romanam
2124 3603 2550 3668 audientiam
2610 3622 2735 3685 ap-

823 3700 1132 3783 pellare?
1236 3700 1414 3780 Quis
1471 3696 1781 3785 unquam
1826 3703 2003 3768 vidit
2052 3702 2165 3767 vel
2228 3702 2497 3767 audivit
2545 3702 2732 3767 Can·

824 3802 1245 3865 tuariensem'
1293 3801 1887 3885 archiepiscopum
1924 3802 2253 3885 judicari,
2288 3802 2736 3867 condemnari

823 3899 911 3962 ad
967 3900 1477 3984 fidejussionem
1526 3901 1599 3964 in
1650 3902 1845 3965 curia
1882 3902 2091 3983 regis„
2138 3908 2211 3966 et
2252 3920 2307 3965 ‚a
2348 3901 2501 3965 suis
2552 3921 2735 3984 prae-

823 3999 1024 4080 cipue
1053 4000 1510 4082 suffraganeis
1532 4003 1563 4064 ‘l
1631 4000 1705 4064 Si
1740 4000 1940 4065 nobis
1972 4000 2477 4077 recedentibus,
2510 4008 2596 4065 ut
2629 4002 2735 4066 di:

922 4220 938 4249 ¹
959 4220 1206 4286 Thomas]
1240 4223 1488 4285 Compare
1499 4224 1715 4287 '‘Diceto,
1737 4225 1833 4274 col.
1860 4224 2125 4286 544‚·with
2148 4225 2239 4273 lib.
2264 4224 2301 4276 i.
2324 4238 2408 4285 ep.
2433 4225 2629 4275 cxxvii.
