3108 5059
809 425 954 509 372
1319 457 1588 506 nocem
1637 457 1733 505 DE
1778 455 2199 506 wnunovnn

991 689 1170 771 Quod
1191 711 1303 756 rem
1329 690 1727 756 Francorum
1756 690 1839 755 N
1830 689 2228 754 armanniam
2257 687 2561 754 hostiliter

1600 790 1922 856 invaserit.

490 930 734 973 A·n·11⁷³-
914 908 1210 980 Eodem¹
1260 935 1442 981 anno
1498 935 1625 980 rex
1688 916 2113 979 Francorum
2169 911 2579 977 Lodowicus
2626 913 2719 976 ad

486 982 752 1082 ‘if-3322»
816 1013 1320 1082 Normanniam
1407 1017 1686 1100 penitus
1759 1012 2263 1079 devastandum
2325 1013 2725 1076 innumera-

812 1114 1021 1180 bilem
1089 1116 1472 1181 exereitum
1535 1115 2039 1198 congregavit;
2106 1111 2225 1195 qui
2300 1111 2729 1194 quantocius·

818 1213 1320 1280 Normanniam
1395 1215 1753 1298 ingressus
1824 1221 2131 1300 castrum
2192 1210 2717 1276 Albemarlense

814 1315 1023 1398 cepit,
1055 1323 1130 1380 et
1159 1314 1587 1380 Willelmum
1638 1315 1790 1399 ejus
1843 1313 2195 1378 dominum
2251 1332 2409 1376 cum
2462 1312 2717 1376 comite

813 1415 1092 1480 Simone
1141 1422 1213 1482 et
1255 1415 1569 1498 pluribus
1621 1414 1779 1479 aliis
1838 1413 1925 1478 ad
1987 1413 2404 1478 deditionem
2461 1412 2713 1493 coegit.

814 1515 1114 1580 Demum
1174 1517 1359 1598 cepit
1429 1521 1737 1580 castrum
1797 1514 2175 1578 Driencurt
2241 1519 2313 1577 et
2373 1512 2713 1577 custodiae

813 1615 1222 1697 deputavit;
1285 1615 1583 1698 indeque
1640 1615 1730 1679 ad
1774 1621 2081 1679 castrum
2125 1612 2211 1678 de
2255 1611 2511 1677 Archis
2554 1625 2729 1700 pro-'2-

812 1714 1130 1796 grediens
1193 1715 1426 1780 amisit
1487 1715 1562 1778 in
1624 1715 1871 1780 itinere
1948 1713 2284 1778 Bononiae
2364 1713 2719 1791 comitem,

811 1814 994 1880 unde
1025 1825 1255 1880 comes
1295 1815 1743 1880 Flandrensis
1786 1815 1871 1880 de
1918 1821 2140 1878 morte
2173 1812 2443 1878 comitis
2474 1812 2711 1877 fratris

811 1915 922 1979 sui
988 1916 1218 1980 animo
1300 1915 1502 1980 nimis
1571 1918 2053 1982 consternatus
2119 1913 2207 1978 ad
2269 1913 2551 1997 propria
2609 1907 2713 1977 re-‘

811 2016 1092 2080 meavit.
1198 2015 1360 2081 Rex
1394 2014 1745 2080 Henrieus
1777 2015 2009 2080 senior
2050 2015 2234 2079 inter
2282 2012 2432 2077 haec
2476 2014 2709 2078 omnia

813 2113 1237 2198 Rothomagi
1291 2117 1714 2193 morabatur,
1762 2134 1963 2199 aequo
2017 2115 2270 2191 animo,
2321 2120 2401 2178 ut
2452 2113 2713 2196 populo

811 2215 1035 2278 visum
1088 2223 1220 2294 est,
1269 2216 1496 2281 ferens
1547 2236 1633 2280 ea
1681 2235 1837 2299 quae
1890 2215 2168 2293 fiebant,
2215 2219 2286 2278 et
2328 2213 2535 2278 solito
2578 2213 2719 2279 fre·-

811 2315 1132 2396 quentius
1199 2317 1484 2381 venatui
1552 2315 1921 2398 indulgens
1982 2314 2070 2379 ad
2130 2333 2207 2378 se
2266 2313 2708 2379 venientibus

809 2415 1081 2480 vultum
1114 2416 1508 2480 hilariorem
1542 2415 1936 2500 praetendit.
2039 2414 2549 2479 Dilabebantur
2580 2433 2709 2478 au-

810 2520 949 2580 tem
993 2517 1083 2582 ab
1127 2525 1210 2583 e'o
1261 2516 1357 2595 hi,
1410 2536 1585 2600 quos
1630 2517 1717 2581 ab
1768 2517 1968 2581 annis
2024 2515 2401 2600 puerilibus
2453 2513 2715 2579 educa·-

809 2623 1031 2695 v'erat,
1105 2618 1462 2684 credentes
1547 2616 2087 2682 dominationem
2147 2614 2272 2680 filii
2335 2616 2522 2679 illico
2573 2616 2706 2679 im·-

807 2717 1089 2782 minere.
1191 2718 1488 2783 Sedente
1541 2737 1817 2799 quoque
1868 2736 2032 2799 rege
2079 2717 2502 2781 Francorum
2547 2735 2703 2779 cum

807 2835 970 2897 rege
1016 2817 1158 2881 filio
1202 2818 1388 2900 regis
1431 2818 1504 2882 in
1551 2816 1906 2901 obsidione
1949 2814 2291 2895 Vernolii,
2334 2834 2461 2879 rex
2504 2822 2705 2899 pater

806 2916 1086 2979 nuntios
1139 2916 1392 2982 direxit
1444 2918 1534 2981 ad
1585 2937 1819 2999 regem
1874 2916 2325 2993 Francorum,
2365 2916 2703 2980 mandans

805 3020 886 3078 ut
919 3035 1074 3081 eum
1104 3015 1546 3082 festinatione
1582 3028 1637 3081 a¹
1662 3016 2095 3083 Normannia
2126 3015 2499 3093 recederet,
2530 3015 2703 3080 alio·

805 3116 972 3196 quin
1053 3116 1279 3199 ipsum
1339 3137 1423 3182 eo
1487 3118 1598 3182 die
1662 3116 2007 3182 hostiliter
2066 3115 2427 3197 visitaret3
2513 3116 2700 3199 quod

803 3216 1091 3280 audiens
1136 3236 1262 3281 rex
1310 3217 1761 3294 Francorum,
1810 3236 1967 3281 cum
2017 3216 2227 3282 sciret
2268 3235 2498 3303 regem
2548 3214 2703 3281 An·-

802 3314 1074 3397 glorum
1135 3335 1289 3381 esse
1353 3317 1907 3400 potentissimum
1958 3323 2029 3381 et
2086 3318 2317 3382 animo
2362 3334 2703 3393 amarum,

799 3414 1035 3498 fugam
1094 3417 1267 3482 inire
1319 3416 1552 3500 potius
1608 3436 1817 3500 quam
1878 3436 2192 3501 pugnare
2243 3414 2570 3492 decrevit,
2625 3424 2707 3480 et,

798 3516 899 3580 sic
935 3535 978 3580 a
1007 3516 1185 3581 facie
1216 3518 1402 3599 regis
1449 3515 1839 3600 Anglorum
1871 3516 2145 3600 fugiens
2178 3516 2365 3583 intra
2391 3514 2705 3581 Galliam

796 3635 871 3681 se
903 3636 1059 3683 cum
1087 3616 1529 3683 festinatione
1564 3618 1845 3701 recepit.

1196 3848 1200 3851 .
1248 3776 1252 3780 Δ
1280 3792 1380 3857 De
1406 3788 1785 3857 subversione
1814 3788 2225 3877 Leqecestriae.

464 3934 589 4026 {1230
605 3936 656 3975 or
893 3913 1154 3978 Eodem
1190 3933 1398 3993 anno,
1431 3914 1676 3997 quinto
1711 3934 1930 3980 nonas
1956 3913 2003 3978 J
2009 3915 2159 3993 ulii,
2186 3934 2351 3998 rege
2375 3914 2697 3998 Jubente,

499 3987 688 4027 ⁰¹⁰⁶⁸²⁶⁵
790 4007 1109 4077 obsessa²
1141 4013 1587 4097 Legecestria
1629 4016 1905 4093 dicitur,
1949 4034 2031 4078 eo
2068 4014 2251 4097 quod
2295 4033 2525 4079 comes
2570 4014 2695 4079 do-

859 4195 1068 4246 ¹Eodem
1081 4200 1250 4264 auno]
1274 4200 1720 4265 Diceto,col.5⁷0;
1838 4197 2079 4250 ‘Obsessa
2103 4199 2455 4263 Legecestvia.]
2490 4200 2697 4265 Diceto,

788 4267 1056 4330 Hoveden,
1079 4272 1194 4319 535.
1768 4271 1866 4321 col.
1889 4274 2004 4322 5⁷2.
