3108 5059
876 452 1010 518 378
1399 468 1671 517 uocum
1718 469 1813 516 nu
1858 468 2274 518 wuunovua

551 643 663 684 Α».
687 645 800 686 1¹⁷⁴»
827 648 832 652 ·
879 627 1278 694 Cantuariae
1323 627 1976 712 appropinquasset,
2010 647 2191 711 equo
2223 626 2548 692 desiliens
2580 635 2652 693 et
2684 649 2788 692 re-

551 695 838 786 3¹33&oe
875 731 1062 812 giam
1091 729 1532 813 majestatem
1565 747 1854 811 prorsus
1882 728 2259 812 deponens,
2288 728 2517 793 nudus
2548 727 2786 811 pedes,

662 822 672 833 ’
875 829 1121 895 faciem
1173 829 1706 913 peregrinantia,
1750 829 2157 912 poenitentis
2208 835 2281 894 et
2329 829 2787 912 supplicantis

875 949 1260 1008 assumens,
1293 929 1502 995 tertio
1534 929 1693 994 idus
1723 926 1770 991 J
1779 928 1947 1008 unii,
1982 928 2157 994 feria
2182 936 2412 1007 sexta,
2438 929 2527 993 ad
2561 930 2783 995 eccle-

873 1030 1047 1094 siam
1085 1030 1422 1114 majorem
1453 1030 1797 1113 pervenit,
1828 1035 1903 1094 et
1933 1048 2092 1094 cum
2126 1029 2495 1112 gemitibus
2529 1035 2602 1094 et
2630 1049 2783 1093 sus-

872 1129 1088 1212 piriis.
1121 1130 1301 1194 alter
1345 1129 1683 1195 Ezechias
1730 1128 2383 1212 lachrymarumque
2425 1128 2783 1194 affluentia

871 1231 1075 1313 petiit
1119 1230 1558 1313 sepulchrum
1582 1229 1916 1320 ‘martyris
1956 1230 2279 1313 gloriosi,
2300 1229 2417 1294 ubi
2451 1236 2602 1294 toto
2630 1249 2780 1304 cor-

871 1350 1041 1412 pore
1080 1325 1498 1413 prostratuS,
1534 1330 1991 1412 manibusque
2028 1330 2102 1394 in
2141 1329 2387 1393 caelum
2422 1331 2777 1412 expansiS,

871 1429 1135 1494 diutius
1163 1431 1235 1494 in
1264 1430 1581 1494 oratione
1609 1431 2014 1512 permansit.
2062 1428 2354 1494 Interim
2382 1449 2506 1513 per
2534 1448 2613 1493 os
2636 1431 2777 1513 epi-

870 1530 1065 1612 scopi
1119 1529 1653 1608 Londoniensis,
1698 1549 2086 1595 sermonem
2136 1529 2227 1594 ad
2271 1519 2607 1613 populum
2650 1527 2776 1594 ha-

869 1629 1122 1706 bentis,
1147 1649 1274 1694 rex
1301 1630 1530 1694 Deum
1558 1637 1631 1694 et
1660 1637 2035 1716 martyrem
2059 1631 2337 1696 beatum
2366 1629 2441 1694 in
2474 1630 2777 1694 animam

869 1748 1070 1794 suam
1099 1730 1442 1795 invocans
1469 1730 1745 1814 publice
1764 1737 2197 1813 protestatus
2230 1736 2363 1808 est,
2382 1729 2569 1813 quod
2596 1750 2779 1796 mor.

869 1836 1009 1896 tem
1053 1830 1382 1913 martyris
1427 1850 1557 1895 nec
1600 1829 1959 1895 mandavit
2008 1850 2141 1896 nec
2181 1830 2431 1908 voluit,
2469 1850 2599 1894 nec
2646 1850 2775 1896 suo

869 1930 1164 1995 artificio
1215 1930 1678 2014 perquisivit3
1744 1929 1867 1994 sed
1926 1930 2249 2012 quoniam
2300 1930 2779 1996 interfectores

867 2030 1194 2113 martyris
1246 2030 1533 2114 gloriosi
1591 2049 1683 2094 ex
1733 2030 1962 2094 verbis
2012 2030 2074 2114 ej
2084 2050 2169 2094 us
2215 2050 2357 2094 non
2408 2029 2583 2094 satis
2642 2033 2776 2096 cir-

867 2137 1262 2214 cumspecte
1321 2131 1616 2213 prolatis
1670 2130 2104 2195 occasionem
2160 2137 2599 2214 sumpserant
2663 2150 2778 2196 ar·

867 2230 1380 2313 chiepiscopum
1429 2228 1837 2313 perimendi,
1886 2231 1977 2294 ab
2022 2231 2393 2313 episcopis,
2437 2230 2559 2313 qui
2608 2237 2774 2296 tunc

866 2337 1246 2412 praesentes
1288 2337 1511 2409 erant,
1551 2329 2057 2396 absolutionem
2097 2331 2323 2413 petiit,
2360 2349 2775 2414 carnemque

867 2449 1066 2494 suam
1124 2430 1380 2494 nudam
1439 2429 1825 2513 disciplinae
1879 2430 2233 2512 virgarum
2288 2449 2689 2513 supponens
2733 2451 2777 2495 a

866 2531 1160 2613 singulis
1193 2532 1361 2595 viris
1393 2529 1763 2614 religiosis,
1792 2549 2086 2614 quorum
2116 2529 2489 2597 multitudo
2520 2552 2776 2615 magna

867 2639 1313 2708 convenerat,
1345 2630 1528 2697 ictus
1558 2638 1793 2697 ternos
1827 2631 1938 2696 vel
1967 2631 2217 2715 quinos
2242 2632 2543 2714 excepit.
2591 2632 2771 2696 Ves-

867 2732 1052 2796 tibus
1093 2730 1309 2813 igitur
1341 2730 1739 2814 resumptis,
1782 2732 2182 2796 muneribus
2226 2731 2548 2815 pretiosis
2593 2752 2773 2797 mar-

867 2838 1090 2916 tyrem
1121 2830 1514 2908 honoravit,
1551 2831 1919 2913 assignans
1952 2832 2237 2915 insuper
2275 2832 2489 2897 annui
2526 2851 2773 2897 census

866 2930 1329 3013 quadraginta
1359 2930 1573 2995 libras
1602 2930 1693 2995 ad
1724 2932 2089 2996 luminaria
2118 2932 2302 2996 circa
2332 2931 2773 3015 sepulchrum

866 3031 1192 3114 martyris
1225 3031 1720 3109 continuanda,
1750 3032 2233 3116 reliquumque
2263 3032 2400 3096 diei
2434 3052 2516 3097 ac
2549 3034 2774 3098 noctis

867 3131 1220 3214 sequentis
1259 3130 1334 3195 in
1377 3131 1835 3197 amaritudine
1878 3133 2130 3198 mentis
2168 3134 2533 3215 transegit.
2597 3133 2775 3198 Ora-

844 3225 1170 3295 'tionibus
1213 3230 1452 3313 igitur,
1504 3231 1764 3313 vigiliis
1806 3240 1878 3297 et
1907 3232 2199 3318 jejuniis
2241 3232 2516 3297 deditus
2548 3253 2771 3316 usque

865 3330 938 3394 in
969 3331 1149 3394 diem
1183 3330 1464 3395 tertium
1486 3332 1577 3396 ab
1604 3331 1951 3396 alimentis
1983 3334 2360 3415 abstinuit;
2396 3332 2583 3397 unde
2613 3334 2771 3399 bea-

865 3438 1014 3495 tum
1051 3437 1427 3513 martyrem
1465 3431 1600 3496 sibi
1644 3431 1937 3497 reddens
1979 3432 2416 3515 placabilem,
2459 3435 2617 3517 ipso
2660 3433 2771 3499 die

865 3530 1161 3608 sabbati,
1205 3550 1345 3612 quo
1395 3531 1527 3595 sibi
1580 3532 1670 3595 ab
1720 3551 1803 3596 eo
1853 3531 2354 3615 indulgentiam
2412 3534 2566 3598 dari
2612 3554 2773 3617 pos·

865 3631 1159 3708 tulabat,
1193 3630 1482 3696 tradidit
1517 3630 1712 3695 Deus
1749 3624 2015 3716 ¹regem
2055 3632 2309 3697 Scotiae
2328 3632 2769 3699 ·Willelmum

863 3732 934 3796 in
982 3750 1228 3795 manus
1271 3750 1458 3808 suas,
1499 3731 1686 3815 apud
1742 3732 2167 3798 Richemunt
2206 3733 2570 3801 castellum
2616 3755 2773 3800 cus-

863 3833 1072 3896 todiae
1110 3831 1605 3915 mancipatum.
1711 3831 1880 3916 Ipso
1916 3834 2127 3898 etiam
2164 3831 2279 3897 die
2321 3834 2600 3899 sabbati
2646 3856 2765 3902 rex

861 3931 1044 3995 filius
1079 3932 1256 4016 ejus,
1283 3931 1604 4010 navibuS,
1631 3952 1809 4014 quas
1842 3941 2391 4016 congregaverat
2421 3932 2509 3997 ad
2546 3942 2772 4001 trans-

932 4106 950 4137 ¹
973 4110 1159 4171 Regem
1210 4110 1390 4159 Scotiae
1447 4104 1789 4179 Willelmum]
1843 4110 2012 4175 riding
2044 4114 2135 4163 out
2167 4112 2309 4175 early
2331 4113 2384 4161 in
2421 4113 2508 4163 the
2542 4116 2777 4179 morning

863 4178 948 4226 He
970 4194 1078 4227 was
1109 4178 1264 4229 taken
1284 4194 1350 4229 on
1375 4180 1460 4229 the
1492 4182 1610 4231 leth
1638 4182 1789 4245 July,
1842 4183 1967 4232 with
2008 4183 2129 4244 only
2162 4197 2195 4231 a
2228 4183 2430 4233 slender
2464 4185 2651 4249 guard,
2680 4186 2775 4239 lib.

860 4248 1130 4311 according
1172 4253 1225 4299 to
1270 4250 1574 4319 Buchanan,
1612 4251 1789 4303 whilst
1838 4252 1928 4304 vii.
1994 4252 2091 4303 See
2112 4254 2331 4317 Tyr-reu,
2351 4254 2409 4304 ii.
2432 4270 2487 4316 p.
2512 4259 2627 4307 ⁸85.
