3108 5059
463 664 573 704 Aa).
595 665 708 704 1168.

463 715 630 754 Letteru

465 765 514 802 of
527 765 686 804 Becket

465 815 550 854 and
567 815 727 854 othon.

783 468 916 534 328
1303 481 1573 530 nocam
1621 482 1717 529 nn
1762 475 2177 530 wssNnovnn

785 643 860 706 in
904 641 1099 706 nullo
1137 640 1583 719 reclamante,
1624 657 1778 704 cum
1824 640 2015 705 volet
2048 637 2341 721 quilibet
2384 633 2695 718 appella-

786 743 934 822 bit3
993 742 1066 805 in
1107 761 1273 823 quo,
1321 741 1384 804 si
1430 741 1579 826 Juri
1622 747 1856 805 vestro
1902 739 2014 804 vel
2062 738 2309 803 honori
2362 733 2694 821 praejudi-

787 847 987 906 catur
1023 841 1098 905 in
1143 841 1401 924 aliquo,
1452 841 1524 905 id
1578 860 1655 904 se
1712 840 1928 905 totius
1984 838 2293 902 ecclesiae
2336 837 2535 918 regni
2584 833 2691 897 sui

787 941 1076 1006 consilio
1140 948 1609 1006 correcturum
1666 940 1741 1004 in
1806 939 2148 1022 proximo,
2198 937 2493 1022 juvante
2544 934 2693 997 Do-

789 1041 1001 1118 mino,
1037 1040 1426 1123 pollicetur.
1525 1040 2024 1122 Imperatorem
2056 1038 2278 1113 illum,
2308 1035 2439 1099 etsi
2479 1033 2695 1097 schis-

791 1141 1122 1204 maticum
1168 1141 1464 1218 noverit,
1515 1158 1561 1202 a
1603 1140 1801 1205 vobis
1850 1145 2083 1202 tamen
2140 1133 2695 1200 excommunica·

794 1249 946 1304 tum
1003 1259 1179 1318 esse,
1247 1259 1466 1323 usque
1527 1239 1736 1303 hodie
1795 1258 1935 1303 non
1993 1234 2331 1313 rescivit3
2393 1232 2579 1317 quod
2635 1231 2699 1294 si

795 1340 1319 1405 denuntiatione
1367 1347 1605 1405 vestra
1654 1337 2039 1414 resciverit,
2092 1337 2153 1400 si
2205 1333 2432 1399 foedus
2492 1333 2697 1397 illici-

797 1449 944 1504 tum
996 1458 1154 1503 cum
1191 1441 1348 1523 ipso
1384 1440 1498 1505 vel
1541 1440 1851 1522 quolibet
1892 1437 2033 1501 alio
2078 1436 2259 1512 iniit,
2298 1440 2369 1498 et
2404 1432 2537 1496 hoc
2584 1452 2700 1496 ec-

799 1539 1028 1604 clesiae
1065 1540 1260 1622 regni
1298 1540 1406 1604 sui
1443 1539 1711 1624 judicio
1756 1537 1963 1602 simul
1998 1544 2070 1601 et
2102 1535 2389 1600 consilio
2442 1551 2517 1596 se
2547 1551 2702 1596 cor-

800 1646 1146 1702 recturum
1209 1639 1572 1722 promittit.
1672 1638 1958 1703 Patrem
2015 1643 2331 1700 nostrum
2389 1632 2703 1698 Cantua-

801 1739 1094 1802 riensem
1137 1739 1731 1822 archiepiscopum
1778 1757 1823 1802 a
1870 1756 2090 1820 regno·
2136 1755 2262 1799 sno
2314 1753 2389 1798 se
2441 1751 2706 1814 nequa-

801 1857 1012 1921 quam
1077 1839 1430 1922 expulisse
1493 1841 1767 1917 asserit,
1839 1831 2023 1902 unde
2098 1835 2279 1900 sicut
2340 1833 2703 1898 ultroneus

801 1938 1113 2015 recessit,
1142 1938 1242 2003 sic
1278 1939 1366 2003 ad
1411 1939 1768 2004 ecclesiam
1810 1957 2033 2013 suam,
2072 1954 2229 1999 cum
2270 1934 2401 1998 sibi
2446 1932 2706 1996 sederit

805 2038 1062 2115 animo,
1096 2038 1303 2119 plena
1341 2057 1512 2122 pace
1550 2039 1806 2103 reverti
1844 2037 1977 2101 sibi
2017 2035 2309 2100 liberum
2346 2033 2503 2110 erit,
2537 2032 2704 2095 dum

806 2144 1039 2201 tamen
1073 2137 1145 2201 in
1183 2138 1675 2203 satisfaciendo
1720 2138 1851 2202 sibi
1890 2156 2101 2221 super
2137 2135 2271 2199 hiis
2314 2133 2496 2197 unde
2538 2152 2708 2197 con-

807 2238 1146 2318 queritur,
1182 2239 1410 2319 regias
1453 2239 1610 2316 sibi,
1640 2239 1713 2302 in
1760 2256 1937 2322 quas
1978 2237 2261 2322 juratus
2300 2241 2430 2312 est,
2474 2232 2707 2314 digni-

807 2343 990 2400 tates
1020 2337 1189 2402 velit
1227 2337 1500 2419 integre
1539 2356 1994 2416 conservare3
2056 2337 2260 2418 siqua
2289 2353 2451 2399 vero
2488 2333 2710 2397 eccle-

808 2435 1094 2500 siastica
1139 2455 1434 2518 persona
1468 2437 1580 2502 vel
1613 2438 1907 2501 ecclesia
1938 2438 2026 2502 ab
2058 2437 2211 2519 ipso
2242 2434 2356 2501 vel
2385 2453 2430 2498 a
2459 2434 2605 2498 suis
2632 2453 2711 2496 se

809 2544 1176 2619 gravatam
1224 2538 1627 2617 ostenderit,
1689 2538 2147 2605 satisfactioni
2206 2536 2431 2620 plenae
2490 2536 2711 2599 totius

809 2637 1118 2703 ecclesiae
1169 2638 1435 2722 judicio
1481 2647 1771 2723 paratus
1825 2640 1979 2703 erit.
2086 2637 2265 2701 Haec
2322 2655 2366 2699 a
2428 2635 2711 2701 domino

813 2745 1052 2802 nostro
1090 2758 1252 2819 rege
1298 2736 1372 2802 in
1419 2740 1771 2823 responsis
1810 2738 2223 2821 accepimus,
2259 2737 2378 2820 qui
2424 2754 2709 2801 causam

812 2854 1008 2899 suam
1067 2836 1434 2919 plurimum
1481 2840 1615 2903 sibi
1649 2838 2038 2923 justificare
2083 2836 2380 2915 videtur,
2428 2855 2585 2900 cum
2633 2836 2709 2899 in

809 2935 1158 3013 omnibuS,
1223 2955 1382 3019 quae
1447 2936 1635 3002 dicta
1699 2946 1888 3015 sunt,
1950 2937 2259 3002 ecclesiae
2337 2936 2531 3018 regni
2600 2937 2714 3000 sui

803 3034 1070 3119 judicio
1132 3054 1208 3099 se
1269 3037 1657 3118 pariturum
1709 3039 2075 3121 promittit.
2207 3037 2411 3101 Unde
2459 3044 2714 3101 vestrae

813 3134 1340 3218 supplicandum
1368 3137 1849 3203 existimamus
1880 3136 2336 3215 excellentiae,
2371 3143 2719 3219 quatenus

812 3235 988 3298 illud
1043 3254 1188 3319 prae
1249 3236 1468 3301 oculis
1528 3236 1863 3303 habentes
1912 3238 2257 3302 calamum
2306 3243 2715 3319 quassatum

813 3354 957 3400 non
1009 3344 1347 3413 contereS,
1394 3336 1612 3400 linum
1667 3337 2013 3420 fumigans
2081 3358 2220 3401 non
2283 3338 2716 3419 exstingueS,

815 3434 1038 3498 zelum
1068 3434 1265 3498 illum
1305 3443 1650 3515 sanctum,
1680 3439 1799 3520 qui
1832 3438 1921 3502 ad
1952 3437 2414 3501 ulciscendam
2442 3456 2714 3500 omnem

813 3533 1126 3597 ecclesiae
1174 3534 1308 3601 Dei
1364 3536 1688 3620 injuriam
1742 3556 2117 3603 succensus
2162 3545 2294 3615 est,
2342 3537 2402 3601 si
2458 3535 2717 3618 placet,

815 3634 906 3697 ad
962 3640 1236 3716 tempus
1291 3634 1476 3699 intra
1531 3633 1706 3701 fines
1758 3636 2115 3703 modestiae
2167 3637 2570 3715 cohibeatiS,
2630 3656 2721 3700 ne

817 3734 932 3798 vel
956 3733 1306 3799 interdicti
1337 3738 1778 3815 sententiam,
1813 3738 1927 3803 vel
1960 3738 2274 3802 ultimum
2317 3736 2491 3801 illud
2535 3756 2721 3818 prae-

819 3834 1099 3898 cisionis
1133 3834 1433 3918 elogium
1472 3836 1907 3918 proferendo,
1952 3837 2277 3902 ecclesias
2319 3838 2719 3901 innumeras

821 3934 1133 3999 subverti
1191 3935 1438 3999 misere
1497 3935 1815 4016 doleatis,
1865 3944 1936 4003 et
1998 3945 2139 4002 tam
2196 3956 2428 4019 regem
2486 3937 2719 4019 ipsum

821 4051 1032 4114 quam
1074 4034 1472 4100 innumeros
1515 4057 1671 4101 cum
1703 4058 1786 4101 eo
1826 4036 2123 4121 populos
2158 4058 2203 4103 a
2229 4044 2487 4114 vestra,
2529 4036 2721 4118 quod

821 4133 1030 4209 absit,
1081 4133 1472 4201 obedientia
1514 4137 2061 4202 irrevocabiliter
2105 4138 2437 4201 avertatis
2470 4157 2487 4216 ;
2558 4154 2722 4199 san-

822 4232 979 4313 guis
1031 4233 1264 4315 regius
1309 4241 1456 4299 tum
1509 4256 1583 4301 se
1629 4237 1903 4302 demum
1946 4238 2283 4321 permittit
2334 4236 2521 4301 vinci
2562 4256 2723 4304 cum
