3108 5059
855 475 1134 524 nonas
1181 476 1719 526 ms'roRmRUM.
2104 460 2239 525 419

325 631 398 694 in
441 632 802 714 provincia
848 634 982 698 sibi
1026 635 1310 699 subdita
1342 634 1634 718 aceepit.
1738 633 2001 698 Eodem
2052 653 2235 701 anno
2262 647 2371 689 Ad)-
2395 650 2507 690 ¹¹⁸⁶-

325 731 720 798 Willelmus
762 734 849 798 do
876 734 1047 812 Ver,
1087 735 1161 799 in
1209 734 1390 799 festo
1430 735 1619 799 beati
1661 734 2045 812 Laurentii,
2084 735 2235 800 He·

327 832 745 900 refordensis
831 842 940 898 est
1010 841 1458 900 consecratus
1535 835 1852 900 antistes.
1968 835 2229 900 Eodem

327 950 511 996 anno
546 927 989 1012 ¹GaufriduS,
1023 954 1253 1000 comes
1296 935 1683 998 Britanniae
1724 942 1794 1000 et
1823 934 2005 998 filius
2046 937 2230 1018 regis

325 1030 630 1115 Angliae,
674 1033 856 1098 diem
900 1035 1153 1101 clausit
1209 1054 1606 1118 supremum
1659 1034 1925 1099 decimo
1980 1045 2229 1120 quarto

324 1130 659 1198 kalendas
705 1133 1152 1217 Septembris,
1188 1140 1259 1199 et
1297 1134 1612 1218 sepultus
1658 1141 1765 1199 est
1799 1135 2112 1199 Parisius
2156 1137 2229 1201 in

325 1233 616 1298 ecclesia
671 1233 895 1298 beatae
961 1235 1211 1300 Mariae
1266 1235 1340 1298 in
1414 1233 1627 1299 choro
1694 1235 2224 1316 canonicorum

323 1332 606 1416 reliquit
639 1341 870 1398 autem
903 1335 1076 1398 duas
1112 1333 1316 1412 filias,
1348 1352 1526 1416 quas
1554 1342 1893 1416 genuerat
1926 1353 2016 1398 ex
2042 1333 2225 1400 Con-

323 1433 586 1498 stantia
637 1453 858 1499 uxore
914 1453 1067 1512 sua,
1120 1435 1266 1499 filia
1313 1433 1581 1499 scilicet
1630 1433 1897 1499 Conani
1950 1436 2225 1500 comitis

321 1532 730 1612 Britanniae,
773 1554 932 1618 quae
971 1535 1181 1599 etiam
1215 1541 1523 1618 tempore
1556 1555 1695 1618 quo
1728 1535 1837 1600 vir
1866 1534 2019 1620 ejus
2053 1536 2228 1600 obiit

321 1633 618 1715 gravida
653 1635 810 1714 fuit,
853 1653 1010 1718 quae
1043 1639 1290 1719 poste'a
1326 1635 1544 1698 filium
1579 1635 1856 1718 pariens
1888 1634 2225 1700 Arturum

317 1731 512 1798 illum
549 1733 852 1800 vocavit.
957 1736 1218 1800 Eodem
1255 1754 1440 1800 anno
1482 1735 1727 1817 Hugo,
1754 1755 2008 1818 genere
2043 1735 2223 1800 Bur.-

320 1833 597 1915 gundus
639 1843 710 1900 et
751 1835 940 1920 prior
969 1835 1484 1900 carthusiensis
1527 1835 1791 1899 ordinis
1830 1835 1905 1899 in
1938 1832 2221 1917 Anglia,
2312 1911 2317 1915 ¹

319 1942 766 1999 consecratus
819 1943 928 2001 est
971 1937 1337 2019 episcopus
1384 1934 1887 2000 Lincolniensis
1933 1935 2006 1998 in
2040 1934 2222 1999 festo

317 2035 548 2099 sancti
577 2033 940 2115 Matthaei3
978 2044 1050 2102 et
1078 2037 1320 2101 eodem
1353 2035 1468 2100 die
1493 2035 1891 2100 Willelmus
1924 2035 2009 2098 de
2035 2033 2220 2099 Nor-

318 2133 477 2199 hale
549 2141 996 2201 consecratus
1066 2144 1172 2201 est
1241 2135 1751 2218 wigorniensis
1832 2135 2219 2217 episcopus·

319 2235 584 2299 Eodem
649 2253 858 2314 anno,
921 2235 1246 2302 defuncto
1304 2253 1490 2320 papa
1553 2235 1796 2313 Lucio,
1854 2228 1879 2268 ²
1897 2235 2223 2299 Urbanus

315 2336 674 2402 successit.
778 2335 920 2400 Per
953 2335 1134 2401 idem
1177 2343 1451 2419 tempus
1491 2335 1538 2400 J
1541 2336 1875 2415 ohannes,
1912 2355 2220 2418 praeoen-

316 2440 430 2499 tor
491 2433 936 2514 Exoniensis,
1001 2436 1312 2522 ejusdem
1383 2436 1697 2501 ecclesiae
1774 2443 2220 2500 consecratus

316 2544 426 2601 est
452 2536 766 2601 antistes

323 2709 501 2789 Quod
525 2732 710 2796 papa
752 2711 1044 2777 Urbanus
1083 2712 1474 2788 Baldewino,
1520 2710 1965 2775 cantuariensi
2006 2708 2220 2773 archi-

413 2811 710 2896 φὼσορο,
769 2812 1052 2877 concessit
1109 2821 1180 2877 ut
1251 2819 1617 2877 oomtrueret
1678 2810 1989 2875 ecclesiam
2046 2809 2227 2895 apud

411 2911 816 2977 Akmonam.

416 3035 679 3101 Eodem
715 3042 1024 3119 tempore
1056 3054 1243 3119 papa
1279 3034 1608 3099 Urbanus
1642 3034 2072 3111 Baldewino,
2105 3053 2215 3096 ar-
2243 3058 2387 3097 notter
2402 3057 2451 3097 of

311 3135 752 3220 ehiepiscopo
785 3136 1292 3213 cantuariensi,
1320 3129 1634 3217 ³scripsit
1677 3135 1751 3199 in
1784 3134 1933 3203 haeo
1968 3135 2215 3213 verba;
2240 3108 2551 3207 3ἱ1ἷῖ.ῗὲἒὲι

311 3243 334 3271 ‘
353 3236 814 3301 Praesentium
846 3236 974 3301 tibi
1005 3236 1420 3301 auctoritate
1442 3234 1873 3311 mandamus,
1898 3240 1977 3298 ut
2010 3234 2217 3298 liceat
2240 3208 2514 3257 omem*

313 3337 440 3401 tibi
497 3337 860 3401 ecclesiam
909 3336 982 3400 in
1047 3336 1375 3400 honorem
1420 3336 1783 3398 beatorum
1834 3341 2215 3418 martyrum
2250 3381 2257 3386 .

313 3435 651 3519 Stephani
685 3444 758 3501 et
785 3436 1074 3501 Thomae
1109 3443 1537 3512 construere,
1569 3441 1641 3498 et
1661 3434 1748 3497 de
1770 3434 2035 3498 idoneis
2066 3433 2215 3517 jam

313 3555 562 3601 ornare
593 3537 931 3620 personis,
965 3537 1216 3618 quibus
1247 3534 1607 3612 beneficia,
1653 3553 1811 3617 quae
1856 3534 1945 3597 ad
1980 3552 2215 3597 eorum

311 3638 886 3702 sustentationem
922 3636 1392 3711 constitueris,
1433 3635 1763 3699 canonice
1803 3634 2055 3697 debeas
2100 3651 2215 3695 as-

313 3737 615 3819 signare.
723 3736 903 3802 Item
965 3730 1415 3801 fraternitati
1445 3743 1585 3798 tuoe
1643 3732 2077 3809 mandanae,
2136 3741 2219 3796 ut

311 3844 562 3919 quarta
596 3843 796 3920 parte
831 3836 1282 3912 oblationum,
1323 3853 1482 3917 quae
1522 3833 1613 3897 ad
1660 3833 1988 3915 reliquias
2026 3831 2215 3895 beati

380 4018 399 4052 ¹
419 4016 742 4087 Genti-idum]
793 4020 848 4069 lt
873 4021 922 4069 is
953 4016 1250 4068 Hoveden’s
1365 4014 1388 4044 ²
1407 4016 1681 4079 Urbanam]
1712 4015 1798 4064 the
1820 4014 1989 4075 third3
2022 4014 2221 4064 elected

316 4096 534 4147 account
551 4092 666 4141 that
692 4091 757 4140 he
787 4104 898 4143 was
929 4090 1092 4157 killed
1123 4090 1192 4151 by
1213 4103 1247 4137 n
1293 4088 1348 4137 in
1371 4088 1660 4137 November
1678 4090 1823 4149 1185,
1844 4085 1965 4137 died
1985 4085 2039 4135 in
2060 4084 2217 4135 Octo·
2304 4110 2308 4115 ,

312 4161 403 4211 fall
439 4161 564 4211 from
599 4161 681 4210 his
713 4160 860 4210 horse
892 4165 946 4210 at
974 4176 1008 4209 a
1041 4164 1247 4209 tourna-
1293 4159 1383 4209 ber
1407 4160 1554 4206 1187.

309 4236 462 4281 ment.
513 4230 624 4280 The
645 4231 844 4279 French
865 4230 1136 4280 historians
1152 4244 1244 4291 say
1351 4224 1374 4256 ⁸
1399 4219 1660 4293 Scripsit]
1694 4224 1865 4275 Dated
1894 4224 2111 4287 Verona,
2143 4228 2221 4273 lst

308 4301 420 4351 that
441 4302 504 4350 he
527 4301 648 4351 died
670 4301 729 4350 of
745 4315 779 4349 a
798 4300 960 4349 sever.
1295 4298 1549 4359 October3
1584 4296 1787 4358 Diceto,
1807 4293 1905 4411 0012.
1928 4297 2043 4412 ἐξ.
