3108 5059
867 457 1146 506 rmuss
1193 457 1737 508 uisi-omnnem.
2122 445 2259 511 395

343 624 729 682 conventus
760 617 834 680 in
860 615 1066 682 fletus
1095 624 1169 682 et
1197 618 1500 700 suspiria
1532 618 2048 696 commovisset,
2089 620 2255 684 bea-
2280 637 2395 678 sn.
2414 637 2565 727 ¹¹⁷⁸&

345 723 494 780 tum
546 715 1044 801 Amphibalum
1089 737 1250 782 cum
1299 717 1524 784 tribus
1572 719 1779 783 sociis
1826 720 1973 784 suis
2024 739 2257 803 reper-
2280 689 2580 790 muzus.

347 823 520 894 tum,
579 837 950 882 accurrens
1013 818 1268 901 aliquis
1321 819 1693 884 nuntiavit.
1798 818 1989 898 Quid
2030 840 2201 902 ergo
2221 822 2253 885 ‘l

347 915 664 1000 Suspiria
690 925 1054 982 mutantur
1083 917 1158 982 in
1181 917 1450 996 laudes,
1478 925 1550 983 et
1582 918 1889 984 tristitiae
1920 921 2258 987 successit

346 1016 615 1081 laetitiae
646 1016 1080 1101 magnitudo.
1183 1017 1591 1100 Exsurgens
1618 1037 1666 1082 a
1696 1038 1940 1084 mensa
1969 1039 2259 1102 congre-

349 1117 543 1200 gatio
562 1117 652 1181 ad
674 1119 1035 1182 ecclesiam
1055 1118 1467 1183 festinanter
1486 1119 1825 1202 procedit,
1846 1130 1917 1184 et
1938 1120 2256 1185 laetitiam

347 1217 555 1281 corde
611 1226 1021 1303 conceptam
1069 1217 1364 1283 elevatis
1417 1219 1741 1284 laudibus
1798 1226 2254 1302 protestatur.

349 1317 696 1382 Inventus
745 1323 854 1383 est
897 1325 1135 1384 autem
1178 1319 1426 1384 beatus
1479 1327 1749 1404 martyr
1790 1317 2257 1403 Amphibalus

346 1417 531 1482 inter
565 1418 742 1483 duos
773 1420 1000 1484 socios
1035 1419 1302 1483 medius
1337 1425 1412 1484 et
1442 1419 1863 1486 collateralis
1895 1421 2255 1498 ambobuS‚

348 1519 558 1582 tertio
609 1519 800 1584 socio
849 1519 1052 1602 quasi
1097 1539 1188 1582 ex
1235 1526 1635 1585 transverso
1680 1528 1756 1587 et
1797 1521 1888 1585 ab
1934 1521 2255 1605 opposito

344 1619 575 1684 locum
609 1619 999 1684 solitarium
1031 1626 1442 1702 occupante.
1537 1620 1818 1685 Inventi
1852 1629 2019 1686 sunt
2047 1623 2254 1686 etiam

345 1738 563 1802 prope
589 1718 820 1783 locum
847 1719 1048 1784 illum
1063 1737 1349 1784 numero
1368 1739 1496 1784 sex
1515 1740 1607 1785 ex
1630 1718 1837 1784 sociis
1872 1729 2253 1805 martyrum

345 1818 864 1901 praedictorum,
911 1821 1015 1884 ita
1057 1819 1244 1902 quod
1287 1821 1533 1884 beatus
1576 1827 1844 1904 martyr
1869 1818 2254 1903 Amphiba·

346 1918 460 1982 lus
499 1919 806 1984 decimus
841 1919 1253 1984 habebatur.
1359 1919 1557 1985 Inter
1598 1921 1927 2003 reliquias
1970 1920 2254 1986 athletae

349 2018 614 2084 Christi
669 2017 1074 2102 Amffliibali
1134 2019 1401 2083 cultelli
1460 2021 1602 2085 duo
1674 2021 1914 2102 magni
1986 2020 2255 2086 inventi

348 2119 656 2197 fuerunt,
686 2139 868 2185 unus
910 2119 986 2183 in
1026 2121 1212 2184 testa
1245 2119 1495 2201 capitis
1526 2129 1599 2184 et
1626 2120 1805 2184 alter
1848 2121 2033 2185 circa
2074 2141 2253 2204 prae-

347 2213 610 2297 cordia,
639 2227 722 2285 ut
739 2208 746 2215 ’
766 2239 1006 2285 verum
1044 2239 1198 2284 esse
1240 2219 1599 2285 insinuent
1638 2220 1825 2304 quod
1868 2221 1943 2284 in
1987 2214 2255 2286 ¹libello

347 2321 696 2404 passionis
738 2319 892 2403 ejus
941 2319 1206 2402 scripto
1251 2321 1561 2403 antiquis
1616 2322 2043 2405 temporibus
2088 2341 2255 2386 con-

347 2419 630 2486 tinetur.
734 2419 838 2486 Ut
880 2421 1063 2484 enim
1107 2420 1318 2485 habet
1365 2421 1711 2503 passionis
1756 2422 1943 2484 illius
1987 2430 2252 2500 textuS,

347 2521 472 2585 alii
515 2520 990 2587 occubuerunt
1023 2520 1274 2603 gladiis
1307 2521 1512 2601 caesi3
1561 2522 1711 2606 ipse
1742 2541 1935 2600 vero,
1968 2523 2253 2587 visceri-

347 2623 478 2685 bus
509 2622 736 2705 primo
767 2622 1138 2705 patefactis
1171 2629 1244 2687 et
1284 2622 1635 2689 intestinis
1673 2622 1941 2706 ejectiS,
1978 2628 2053 2687 et
2092 2630 2254 2706 post

349 2722 612 2786 lanceis
667 2722 1030 2787 confossus
1085 2729 1158 2786 et
1211 2722 1538 2801 cultelliS‚
1594 2723 1917 2788 occubuit
1972 2723 2253 2787 taudem

347 2822 696 2905 lapidibus
761 2830 1296 2904 conquassatus,
1369 2823 1552 2887 unde
1632 2823 1899 2887 nullum
1955 2822 2101 2888 fere
2160 2842 2251 2888 ex

351 2923 628 2987 ossibus
673 2922 826 3007 ejus
869 2923 1216 3005 integrum
1259 2925 1670 3006 apparebat,
1700 2943 1859 2988 cum
1908 2926 2253 2989 sociorum

350 3024 568 3105 ipsius
601 3042 766 3087 ossa
795 3021 1020 3087 illaesa
1049 3023 1328 3106 penitus
1360 3024 1821 3089 exstitissent.

353 3197 538 3273 Quod
553 3197 832 3284 reliquiae
847 3198 1051 3263 moti
1061 3193 1432 3282 Amphibali
1450 3195 1632 3281 apud
1644 3195 2254 3263 sanotwmAlbanum

1047 3306 1192 3363 sunt
1219 3296 1559 3363 translatae.

451 3422 694 3488 Abbas
741 3431 1000 3500 autem,
1034 3430 1114 3487 ut
1157 3423 1485 3501 diximus,
1519 3423 1761 3488 audito
1796 3420 2039 3487 nuntio
2070 3421 2252 3485 desi-

350 3525 620 3601 derato,
655 3524 986 3608 adjuncto
1017 3522 1152 3587 sibi
1182 3524 1412 3607 priore
1457 3524 1681 3605 [cum]
1726 3522 1996 3605 aliquot
2022 3522 2256 3586 fratri-

350 3625 480 3688 bus
513 3624 599 3688 de
629 3632 1000 3701 conventu,
1043 3632 1442 3689 sanctorum
1477 3624 1793 3688 celeriter
1820 3622 1994 3686 adiit
2020 3622 2252 3705 sepul-

353 3731 574 3803 turaS,
623 3732 696 3788 et
747 3724 1034 3788 effossas
1079 3724 1409 3807 reliquias
1461 3724 1737 3806 erigens
1776 3722 1854 3786 in
1904 3722 2253 3785 linteami-

353 3824 556 3889 nibus
599 3825 868 3889 idoneis
906 3824 1320 3903 collocavit3
1371 3833 1823 3905 metuensque
1855 3841 2069 3905 supra
2102 3842 2250 3886 mo-

351 3924 516 3989 dum
557 3924 870 3989 fraudem
923 3924 1145 4008 plebis
1184 3932 1257 3989 et
1289 3925 1429 3990 vim
1473 3926 1700 3988 turbae
1743 3922 2045 4005 undique
2090 3942 2255 3987 con-

352 4025 655 4103 fluentis,
717 4045 927 4109 quam
975 4044 1024 4089 a
1069 4025 1583 4108 compressione
1627 4024 1896 4088 inventi
1947 4022 2257 4087 thesauri

423 4203 438 4233 ¹
451 4206 705 4271 Libello.]
757 4207 909 4255 Paris
947 4207 1096 4263 adds,
1133 4206 1244 4256 that
1281 4205 1381 4255 this
1415 4206 1613 4257 volume
1638 4220 1747 4256 was
1780 4202 2050 4268 preserved
2084 4204 2137 4252 in
2171 4204 2257 4255 the

348 4278 541 4339 library
563 4276 623 4327 of
637 4276 689 4327 S.
717 4272 926 4327 Alban's
949 4278 1132 4337 abbey.
