3108 5059
790 445 923 511 242
1296 461 1564 509 uocum
1611 461 1706 508 ns
1751 460 2170 511 wnNnovmt

468 646 582 686 nn.
601 644 715 684 114⁷.
796 621 1130 697 cinarum,
1158 619 1278 702 qui
1308 619 1517 683 etiam
1550 638 1706 682 cum
1751 620 2178 702 principibus
2206 618 2296 682 de
2325 616 2527 681 modo
2563 616 2698 679 viae

475 745 627 784 natm
642 743 692 783 or
798 729 872 786 et
909 719 1137 784 diaetae
1180 719 1573 801 quantitate
1617 725 2023 784 tractarent.
2117 718 2426 783 Praeibat
2465 722 2700 780 autem

473 796 549 834 ⁰²⁶
567 794 747 834 ¹²¹⁶”⁰¹¹·
798 820 923 884 ina
970 820 1079 884 die
1132 819 1241 883 vir
1284 819 1533 883 nobilis
1591 816 1972 883 canfridus
2023 819 2108 882 de
2161 818 2527 893 Rancona,
2577 814 2701 896 qui

800 939 959 984 cum
1006 918 1398 999 agminibus
1444 925 1746 983 montem
1796 918 2174 982 ascendens
2219 918 2309 982 ad
2352 918 2504 1000 ejus
2550 912 2697 977 fas·
2729 913 2736 918 ’

801 1019 1051 1101 tigium
1106 1019 1445 1099 pervenit,
1499 1017 1687 1101 quod
1745 1017 1958 1081 Turci
2009 1024 2530 1101 cognoscentes,
2580 1013 2704 1098 qui

802 1118 1182 1182 exercitum
1210 1117 1406 1182 illum
1440 1136 1483 1181 a
1514 1117 1732 1181 latere
1763 1116 2172 1182 insidiantes
2206 1117 2702 1200 sequebantur,

803 1216 876 1281 in
933 1217 1241 1281 Francos
1299 1237 1437 1282 non
1498 1217 2016 1299 praemeditatos
2065 1223 2385 1300 potenter
2429 1217 2710 1279 irruunt

804 1324 876 1381 et
910 1337 1147 1382 eorum
1190 1316 1499 1399 legiones
1532 1316 1967 1394 dissolvunt3
2028 1315 2276 1380 cecidit
2317 1321 2548 1378 autem
2593 1313 2708 1376 die

801 1416 948 1493 illa,
982 1435 1151 1480 casu
1175 1414 1577 1492 miserabili,
1622 1416 1846 1498 gloria
1878 1414 2305 1479 Francorum
2347 1421 2419 1478 et
2455 1413 2704 1489 virtus,

804 1517 926 1598 qui
974 1515 1155 1579 forte
1212 1522 1653 1596 peccatorum
1711 1514 2014 1580 tenebris
2061 1514 2358 1578 involuti
2408 1513 2707 1595 mystica

806 1633 1040 1678 secum
1071 1613 1374 1678 Domino
1402 1632 1690 1677 munera
1721 1634 1859 1677 non
1884 1613 2220 1676 ferebant.
2291 1611 2444 1676 Nec
2471 1619 2711 1676 tamen

804 1733 934 1777 rex
988 1719 1272 1795 propter
1325 1731 1563 1777 casum
1619 1712 1793 1777 adeo
1844 1712 2202 1776 sinistrum
2253 1730 2298 1774 a
2351 1711 2712 1794 proposito

806 1813 1036 1895 potuit
1078 1813 1415 1891 revocari,
1457 1813 1624 1895 quin
1669 1812 2292 1895 peregrinationem
2332 1830 2710 1893 proseque-

808 1919 1001 1976 retur
1054 1912 1428 1993 inceptam,
1482 1911 1606 1976 sed
1663 1910 1935 1975 ardenti
1995 1910 2333 1975 desiderio
2385 1931 2543 1974 cum
2595 1929 2710 1974 re-

810 2011 980 2092 gina
1020 2028 1151 2074 sua
1193 2009 1484 2077 Alienor
1526 2011 1628 2075 ad.
1659 2010 1794 2075 iter
1835 2029 1912 2074 se
1955 2011 2326 2093 accingens
2367 2009 2710 2076 Hieroso-

811 2108 1069 2192 lymam
1112 2110 1391 2174 tandem
1434 2108 1796 2193 pervenit3
1861 2111 1980 2174 ubi
2023 2129 2068 2174 a
2118 2129 2281 2192 rege
2331 2110 2711 2176 honorifice

811 2214 1177 2290 susceptus
1232 2216 1302 2273 et
1348 2210 1632 2292 popule,
1683 2210 1768 2274 de
1815 2229 2006 2286 casu,
2057 2211 2177 2292 qui
2219 2210 2571 2274 acciderat
2621 2210 2712 2285 ei,
2755 2241 2763 2248 ·

810 2327 948 2372 non
975 2307 1412 2380 mediocriter
1438 2309 1920 2373 condolebant.

867 2479 968 2545 De
999 2478 1300 2546 obsidione
1326 2481 1632 2547 Damasci
1659 2503 1703 2547 a
1721 2479 2124 2567 principibus
2135 2481 2479 2567 predictis,
2511 2490 2568 2545 et
2599 2481 2676 2546 de

1160 2582 1517 2665 proditione
1549 2581 1950 2646 orientalium
1977 2590 2359 2666 maynatwm.

486 2702 737 2793 ἓξξῶ,
912 2704 1294 2788 Completis
1340 2706 1619 2771 tandem
1672 2707 1756 2770 de
1801 2724 1992 2770 more
2043 2706 2498 2781 orationibus,
2542 2725 2712 2769 con-

810 2812 1148 2868 venerunt
1173 2804 1261 2868 ad
1291 2806 1710 2889 colloquium
1737 2805 2115 2888 imperator
2149 2804 2509 2870 Romanus
2547 2824 2710 2867 cum

808 2903 1087 2984 regibus
1152 2902 1797 2986 Hierosolymamm
1859 2912 1932 2968 et
1988 2905 2436 2981 Francorum,
2485 2910 2567 2967 ut
2623 2903 2712 2966 de

810 3000 1041 3065 fructu
1106 3008 1323 3067 tantae
1396 3004 1970 3085 peregrinationis
2031 3012 2104 3068 et
2172 3012 2376 3068 terrae
2443 3009 2710 3066 sanctae

810 3107 1099 3180 agerent
1128 3101 1572 3166 incremento.
1648 3102 1959 3167 Tandem
1990 3122 2225 3167 omnes
2255 3104 2330 3167 in
2359 3102 2489 3166 hoc
2522 3121 2714 3165 com-

809 3198 1107 3263 muniter
1138 3208 1657 3279 consenserunt,
1684 3208 1764 3265 ut
1792 3201 2241 3278 Damascum,
2269 3203 2506 3266 urbem
2535 3200 2710 3264 fide-

808 3296 990 3361 libus
1044 3299 1249 3363 nimis
1293 3299 1717 3378 damnosam,
1764 3300 2155 3365 obsiderent
2185 3321 2203 3379 3
2257 3309 2350 3377 et,
2383 3300 2566 3364 sicut
2596 3299 2710 3364 fu-

808 3403 958 3461 erat
993 3398 1472 3480 praelocutum,
1509 3394 1528 3431 ¹
1543 3400 1632 3463 ad
1668 3401 1906 3465 urbem
1951 3398 2356 3464 accedentes
2393 3400 2708 3482 pomeria

809 3503 1154 3578 occupant
1186 3498 1603 3576 suburbana,
1633 3498 2045 3582 quibusdam
2092 3498 2187 3562 ibi
2239 3518 2330 3562 ex
2381 3498 2704 3563 hostibus

807 3594 1211 3660 interfectis.
1338 3596 1512 3662 Inde
1542 3598 1632 3662 ad
1666 3598 1919 3662 flumen
1948 3598 2135 3681 quod
2169 3599 2407 3661 urbem
2439 3598 2706 3662 lambe-

806 3692 930 3758 bat
963 3694 1393 3775 accedenteS,
1427 3705 1507 3762 ut
1548 3698 1704 3762 sitis
1737 3698 2097 3780 angustias
2142 3697 2552 3771 relevarent,
2597 3698 2708 3762 in-

805 3801 1146 3858 venerunt
1194 3814 1395 3860 secus
1440 3797 1664 3880 ripam
1713 3805 1982 3862 tantam
2035 3797 2337 3861 hostium
2387 3797 2708 3862 multitu-

804 3888 1057 3972 dinem,
1125 3895 1246 3976 qui
1311 3896 1411 3959 eis
1474 3913 1676 3978 aquae
1733 3914 1935 3962 usum
2000 3895 2270 3961 auferre
2329 3898 2704 3973 vacabant,

873 4090 988 4142 ¹Ad
1030 4094 1195 4145 urbem
1230 4100 1559 4163 accedentem]
1613 4101 1721 4152 The
1772 4118 1974 4153 mascus
2009 4119 2074 4152 on
2108 4103 2193 4153 the
2229 4104 2350 4153 25th
2384 4104 2513 4168 May
2535 4111 2702 4169 11473

799 4163 1020 4226 meeting
1040 4163 1144 4213 had
1174 4166 1301 4216 been
1334 4167 1453 4217 held
1483 4174 1541 4218 at
1569 4170 1723 4235 Aere,
1771 4174 1912 4224 will.
1933 4173 2053 4234 Tyr.
2076 4188 2128 4235 p.
2145 4176 2261 4225 910.

797 4231 1004 4282 whence
1048 4233 1170 4296 they
1205 4236 1451 4298 departed
1494 4238 1572 4290 for
1615 4242 1723 4291 Da·
