3108 5059
891 492 1169 541 rnonss
1213 492 1757 545 ms‘roamnum,
2182 486 2275 549 55

363 655 518 713 tata
551 657 683 727 est,
709 650 826 713 cui
870 649 1187 715 tradatur
1216 649 1551 716 ostende!
1656 651 1794 715 His
1825 672 2100 736 quoque
2126 653 2268 718 dic·
2289 676 2400 716 Aa).
2420 677 2533 716 1⁰95.

365 750 481 826 tis,
532 749 671 815 levi
717 757 914 815 tactu
973 758 1202 816 tentat
1263 759 1548 816 sanctus
1593 753 1865 834 virgam
1928 754 2266 839 accipere,
2289 727 2498 818 &iffi-221.

362 869 520 933 quae
565 871 732 915 mox
780 871 1060 915 manum
1120 852 1274 936 ejus
1327 860 1569 917 secuta
1618 853 1909 931 exsiliit,
1954 872 2037 918 ac
2084 856 2146 919 si
2188 857 2263 921 in

361 951 559 1015 molli
591 951 741 1016 luto
769 951 1013 1017 suisset
1033 953 1372 1036 impressa
1398 973 1414 1016 ε
1447 960 1821 1018 accurrunt
1842 974 1969 1019 rex
1992 961 2063 1019 et
2088 975 2263 1038 pon-

364 1051 566 1129 tifex,
598 1054 933 1135 prostrati
971 1072 1016 1117 a
1044 1034 1369 1119 Wlsta-Ho
1403 1053 1741 1135 [veniam]
1776 1063 2123 1137 quaerunt,
2156 1063 2264 1121 at-

363 1171 502 1234 que
543 1152 769 1217 sancti
795 1154 1117 1237 precibus
1153 1172 1230 1217 se
1269 1154 1795 1234 commendant;
1852 1161 1927 1218 at
1965 1156 2107 1233 ille,
2142 1158 2263 1239 qui

363 1252 706 1317 didicerat
753 1273 794 1318 a
828 1254 1129 1318 Domino
1170 1254 1357 1318 mitis
1399 1274 1550 1318 esse
1596 1262 1667 1319 et
1711 1254 1987 1319 humilis
2030 1256 2261 1335 corde,

358 1353 534 1437 ipsis
565 1372 766 1435 aeque
796 1361 1186 1436 prostratus
1217 1374 1264 1418 a
1284 1363 1480 1419 tanto
1509 1355 2001 1438 archipraesule
2034 1376 2110 1420 se
2144 1359 2263 1422 be·-

360 1454 588 1518 nedici
619 1461 967 1537 precatur.
1072 1454 1272 1519 Tunc
1317 1475 1442 1519 rex
1472 1455 1892 1534 WillelmuS,
1926 1456 1998 1519 in
2027 1476 2263 1523 amore

359 1555 644 1637 cognati
683 1556 792 1619 sui
819 1556 1046 1619 sancti
1075 1556 1448 1621 Eadwardi
1475 1575 1874 1634 succensus,
1906 1559 2262 1622 sanctissi-

359 1675 550 1719 mum
597 1655 750 1739 ejus
795 1655 1258 1739 sepulchrum,
1293 1676 1464 1721 auro
1496 1664 1570 1720 et
1604 1670 1893 1739 argento
1927 1658 2262 1723 fabrefac-

364 1764 538 1834 tum,
571 1756 747 1820 miro
775 1756 1012 1821 studio
1045 1756 1419 1821 decoravit.

831 1932 931 1997 De
959 1932 1232 1997 transitu
1259 1933 1462 1997 sancti
1505 1932 1796 1999 Wstani.

453 2056 624 2125 Alia
659 2066 894 2121 autem
928 2058 1076 2122 vice
1107 2059 1217 2122 vir
1250 2057 1533 2123 Domini
1564 2058 1933 2122 Wlstanus
1972 2057 2045 2121 in
2094 2078 2259 2123 con·

353 2160 514 2223 cilio
547 2158 932 2224 Wintoniae
976 2157 1233 2236 habito,
1282 2178 1444 2240 rege
1471 2158 1826 2225 Willelmo
1855 2158 2145 2242 jubente
2189 2167 2261 2224 et

354 2258 764 2324 Alexandro
793 2278 978 2342 papa
1005 2260 1504 2337 consentiente,
1535 2260 2010 2342 possessiones
2045 2259 2259 2343 pluri-

355 2380 512 2425 mas
561 2360 672 2423 sui
725 2360 1166 2443 episcopatus
1223 2360 1568 2424 instanter
1626 2360 1927 2442 repetiit,
1990 2362 2079 2424 ab
2128 2357 2257 2424 Al·

355 2461 598 2538 dredo,
631 2460 1056 2524 Eboracensi
1085 2459 1632 2544 archiepiscopo,
1664 2460 2003 2544 violenter
2028 2468 2255 2525 reten-

358 2570 470 2627 tas
515 2562 682 2626 dum
732 2561 820 2624 ab
869 2561 1162 2626 ecclesia
1202 2561 1677 2643 Wigorniensi
1726 2561 1815 2624 ad
1860 2561 2256 2626 Eboracen·

355 2683 502 2727 sem
533 2661 974 2739 transfertur,
1003 2681 1162 2744 quae
1185 2669 1377 2739 tunc,
1406 2660 1709 2726 Aldredo
1737 2660 2254 2745 archiepiscopo

353 2764 710 2837 defuncto,
761 2763 836 2824 in
888 2763 1150 2843 regiam
1200 2762 1623 2827 devenerant
1675 2768 2135 2845 potestatem3
2183 2769 2255 2826 et

353 2885 514 2928 cum
563 2863 725 2926 inde
768 2862 1114 2946 justitiam
1159 2862 1293 2926 sibi
1340 2861 1488 2927 fieri
1543 2862 1917 2944 flagitaret,
1980 2862 2253 2946 adjudi-

351 2973 592 3030 catum
645 2972 752 3028 est
782 2963 1088 3039 tandem,
1119 2969 1199 3026 ut
1231 2962 1388 3045 ipsa
1422 2963 1705 3046 querela
1742 2965 1842 3027 sic
1869 2970 2256 3028 remaneret

351 3083 720 3149 quousque
765 3065 838 3130 in
887 3063 1310 3127 Eboracensi
1361 3063 1653 3127 ecclesia
1696 3064 2256 3140 constitueretur,

351 3167 473 3249 qui
494 3165 898 3246 loqueretur
917 3184 1044 3246 pro
1066 3183 1172 3227 ea.
1231 3162 1348 3240 Et,
1367 3183 1504 3227 non
1534 3163 1755 3228 multo
1782 3170 1964 3246 post,
1988 3161 2258 3226 Thoma

349 3267 540 3348 regis
571 3265 932 3348 capellano
966 3263 1053 3326 ad
1086 3263 1595 3327 Eboracensem
1632 3263 1993 3326 ecclesiam
2036 3262 2256 3327 archi-

347 3367 680 3449 episcopo
726 3371 1150 3440 consecrato,
1184 3371 1376 3428 mota
1409 3371 1516 3428 est
1547 3365 1795 3427 iterum
1830 3363 2111 3445 querela
2152 3383 2261 3427 re-

351 3465 639 3532 verendi
680 3464 1013 3541 Wlstani,
1058 3463 1567 3545 wigorniensis
1614 3464 1943 3546 episcopi,
1974 3464 2047 3526 in
2092 3483 2256 3528 con-

353 3567 515 3631 cilio
579 3564 764 3648 apud
829 3563 1215 3628 Pedredam
1273 3563 1644 3641 celebrato,
1702 3583 1935 3627 coram
1979 3584 2141 3645 rege
2187 3572 2258 3629 et

351 3666 874 3748 archiepiscopo
906 3663 1445 3740 Dorobernensi,
1479 3671 1689 3746 atque
1716 3664 2125 3745 primatibus
2155 3671 2255 3728 to-

355 3769 493 3832 tius
530 3765 729 3847 regni
779 3753 1339 3849 adjudicantibus
1373 3765 1745 3828 terminata
1790 3770 1940 3840 est3
1988 3764 2256 3828 cunctis

351 3874 586 3932 tamen
634 3865 1354 3947 argumentationibus
1407 3863 1715 3928 falsitate
1766 3865 2068 3946 stipatiS,
2102 3865 2256 3946 qui-

355 3969 484 4031 bus
523 3966 830 4031 Thomas
877 3965 1165 4048 ejusque
1194 3964 1503 4030 fautores
1538 3964 2096 4045 wigorniensem
2148 3984 2258 4032 ec-

361 4068 639 4132 clesiam
690 4065 1071 4148 deprimere
1120 4072 1190 4128 et
1230 4084 1381 4130 eam
1429 4064 1790 4128 ecclesiam
1836 4064 2258 4128 Eboracensi

361 4167 696 4252 subjicere
719 4167 1162 4248 satagebant,
1177 4165 1372 4249 justo
1397 4165 1531 4230 Dei
1548 4164 1812 4248 judicio
1835 4164 2259 4229 adnihillatis

363 4275 429 4331 et
459 4267 774 4333 contritis
807 4272 878 4330 et
911 4266 1186 4349 scriptis
1230 4264 1762 4330 evidentissimis
1802 4265 2119 4342 cassatiS,
2153 4266 2262 4328 vir
