3108 5059
912 485 1192 532 nonus
1238 483 1782 534 msroamuum.
2155 473 2288 536 247

378 636 907 720 quadringentis
956 639 1457 704 Saracenorum
1509 640 1733 722 legem
1775 650 1847 706 et
1874 661 2110 707 eorum
2143 652 2286 709 tra-
2309 665 2420 705 nn.
2444 666 2556 703 nso.

378 735 675 800 ditiones
724 744 927 802 tanto
974 739 1122 803 zelo
1154 739 1542 817 coluerunt,
1575 748 1656 804 ut
1692 750 2011 824 respectu
2049 763 2288 807 eorum
2308 715 2568 805 ffim

378 839 951 918 praevaricatores
1022 858 1261 902 omnes
1340 839 1461 904 alii
1523 839 1964 922 viderentur3
2027 842 2288 908 habue-

380 944 544 1000 runt
574 944 809 1003 autem
850 937 959 1002 his
1000 938 1423 1021 temporibus
1460 938 1806 1003 modernis
1851 943 2286 1023 magistrum,

383 1035 609 1099 virum
667 1035 1041 1100 facundum
1090 1037 1317 1113 valde,
1367 1037 1694 1102 subtilem
1755 1045 1828 1104 et
1887 1040 2285 1121 discretum,

383 1135 524 1214 qui,
546 1142 803 1217 praeter
835 1155 1093 1202 morem
1122 1137 1467 1220 majorum
1496 1156 1808 1215 suorum,
1830 1141 2046 1222 coepit
2071 1161 2284 1225 penes

384 1252 457 1296 se
512 1235 1031 1316 evangeliorum
1075 1236 1287 1300 libros
1330 1236 1585 1300 habere
1626 1245 1698 1302 et
1736 1237 2040 1302 codicem
2077 1258 2282 1323 apos-

382 1333 707 1411 tolicum,-
731 1335 979 1416 quibus
1012 1337 1339 1400 continuo
1382 1337 1786 1400 incumbens
1818 1338 2048 1402 studio
2073 1341 2283 1404 mira-

384 1433 689 1498 culorum
744 1434 1003 1500 Christi
1050 1441 1121 1500 et
1159 1442 1667 1518 praeceptorum
1717 1437 1989 1515 seriem,
2037 1438 2161 1501 sed
2211 1447 2284 1504 et

384 1533 835 1613 apostolicam
878 1533 1289 1612 doctrinam,
1324 1535 1544 1599 multo
1575 1535 1811 1600 labore
1845 1535 2074 1601 fixerat
2117 1556 2282 1604 con-

384 1641 663 1696 secutus
678 1652 696 1712 3
736 1633 1035 1717 indeque
1051 1633 1413 1698 conferens
1431 1653 1508 1698 se
1526 1635 1616 1698 ad
1633 1635 1996 1700 honestam
2019 1636 2282 1702 Christi

384 1737 452 1794 et
467 1731 853 1796 doctrinam
874 1753 1184 1811 suavem,
1205 1733 1489 1798 recessit
1512 1734 1602 1796 ab
1619 1733 1750 1810 his,
1774 1754 1932 1816 quae
1957 1736 2285 1801 seductor

383 1830 829 1896 Mahumetus
864 1852 947 1896 ac
976 1834 1185 1897 miser
1213 1833 1359 1898 suis
1393 1832 1843 1915 complicibus
1879 1833 2281 1913 tradiderat,

382 1938 453 1994 et
477 1932 695 2014 coepit
718 1933 1103 1997 abominari
1136 1933 1323 1996 illius
1350 1931 1824 2015 immunditias
1855 1933 2278 2014 seductoris;

382 2032 687 2096 oratoria
742 2031 976 2108 etiam,
1032 2033 1282 2114 quibus
1348 2032 1501 2114 ejus
1568 2031 1860 2115 subjecti
1927 2033 2119 2114 prius
2171 2034 2281 2098 usi

383 2128 681 2207 fuerant,
750 2131 1079 2213 dejiciens
1137 2131 1353 2214 juxta
1415 2149 1675 2194 morem
1730 2130 2282 2198 Christianorum

378 2227 539 2294 fecit
566 2249 691 2294 eos
724 2230 957 2294 vivere
986 2238 1059 2295 et
1090 2251 1314 2308 orare,
1348 2231 1438 2294 ad
1470 2229 1674 2293 fidem
1711 2229 1968 2296 Christi
2001 2250 2079 2296 se
2113 2251 2281 2296 con-

374 2328 549 2392 ferre
596 2330 981 2412 suspirans,
1074 2329 1277 2394 Misit
1330 2349 1497 2411 ergo
1546 2348 1762 2394 unum
1814 2349 1906 2394 ex
1947 2331 2278 2396 fratribus

377 2429 537 2506 suiS,
588 2429 814 2494 virum
878 2429 1243 2512 providum
1292 2437 1366 2494 et
1412 2423 1838 2505 ¹discretum,
1895 2429 1984 2494 ad
2043 2450 2279 2512 regem

379 2527 1026 2613 Hierosolymarum
1073 2529 1577 2606 Baldewinum,
1629 2536 1710 2593 ut
1751 2549 1877 2612 per
1919 2529 2072 2613 ejus
2111 2550 2277 2596 con-

378 2629 606 2695 silium
654 2630 1093 2712 baptismatis
1134 2630 1516 2713 susciperet
1568 2636 2102 2706 sacramentum,
2153 2631 2275 2695 sed

379 2727 719 2805 diabolus,
772 2729 1081 2794 ecclesiae
1135 2748 1404 2812 semper
1445 2727 1764 2793 invidens
1811 2728 2276 2806 incrementis,

381 2827 509 2894 hoc
553 2828 707 2893 fieri
750 2847 891 2892 non
934 2829 1290 2912 permisit;
1350 2847 1513 2893 nam
1544 2828 1820 2908 legatus
1863 2828 2106 2910 populi
2137 2847 2279 2892 me-

378 2928 653 3005 morati,
706 2934 1077 3010 antequam
1124 2928 1213 2992 ad
1250 2946 1486 3010 regem
1519 2926 1936 3009 perveniret,
1977 2947 2022 2991 a
2063 2928 2276 2993 fratre

381 3028 681 3109 quodam
726 3025 813 3090 de
855 3027 1105 3091 militia
1136 3028 1375 3111 templi
1408 3028 1481 3091 in
1530 3045 1858 3109 magnum
1897 3027 2031 3091 fuit
2059 3028 2278 3093 eccle-

380 3127 501 3192 siae
556 3125 965 3191 scandalum
1008 3127 1486 3210 interemptuS,
1530 3145 1656 3208 per
1700 3125 1884 3208 quod
1923 3127 2278 3207 negotium

381 3227 491 3308 pie
538 3226 940 3291 inchoatum
976 3245 1194 3308 usque
1236 3228 1311 3291 in
1345 3225 1527 3289 diem
1567 3225 1972 3289 hodiernum
2001 3225 2278 3291 dilatio·

380 3345 531 3389 nem
601 3324 892 3408 accepit.
989 3325 1251 3391 Eodem
1305 3343 1489 3389 anno
1543 3325 1961 3389 celebratum
2015 3331 2124 3387 est
2178 3324 2281 3387 di-

374 3425 685 3489 vortium
726 3427 910 3490 inter
948 3425 1420 3501 Lodowicum,
1450 3443 1686 3505 regem
1730 3424 2180 3501 Francorum,
2207 3429 2280 3487 et

381 3518 701 3590 Alienor²
720 3524 1031 3605 reginam
1063 3544 1301 3605 suam3
1340 3531 1541 3588 erant
1571 3524 1754 3587 enim
1781 3521 2282 3605 consanguinei

376 3624 447 3687 in
480 3632 733 3706 quarto
763 3623 1007 3705 gradu.
1499 3620 1505 3625 ’

452 3844 790 3907 'Diu-return,
815 3847 840 3910 ]
889 3849 907 3877 ‘
920 3848 1119 3897 nomine
1156 3848 1309 3897 Boal·
1357 3846 1497 3896 duke
1518 3844 1883 3906 oquuitaine.
1940 3843 2054 3892 Her
2066 3844 2284 3893 conduct

384 3918 515 3967 delle
526 3918 560 3977 ς’
597 3923 649 3966 to
670 3917 919 3981 Almaric,
941 3923 1028 3967 not
1052 3917 1310 3979 Baldwin‚
1360 3918 1415 3965 in
1436 3916 1588 3977 Syria
1606 3916 1654 3963 is
1675 3914 1788 3963 said
1815 3918 1867 3962 to
1895 3914 2024 3963 have
2040 3914 2167 3965 been
2197 3914 2282 3963 the

379 3988 487 4036 that
506 3988 628 4049 they
650 3986 815 4049 might
836 3987 899 4036 be
922 3988 1151 4037 released
1184 3988 1309 4036 from
1362 3986 1471 4035 real
1517 3985 1752 4034 occasion
1797 3982 1856 4032 os
1903 3983 1987 4032 the
2042 3984 2281 4046 divorce3

382 4058 509 4106 their
526 4058 752 4116 tribute3
786 4056 928 4107 will.
950 4059 1071 4119 Tyr.
1366 4055 1554 4105 Chron.
1572 4053 1816 4105 Nom-in
1838 4054 1970 4105 calc.
1987 4053 2285 4105 ord.vital.

451 4124 727 4190 'Alienorfl
745 4126 997 4190 daughter
1011 4126 1070 4177 of
1074 4127 1317 4188 william,
1366 4140 1420 4187 p.
1442 4129 1558 4175 985.
