3108 5059
919 468 1198 516 nones
1246 469 1789 519 ms'romAnum.
2168 456 2301 518 345

389 629 510 710 qui
550 627 621 691 in
668 628 800 692 hac
844 636 1033 694 terra
1075 630 1277 695 nudis
1322 629 1615 713 pedibus
1652 630 2045 708 ambulasti,
2078 636 2149 694 et
2177 649 2295 694 eos
2319 643 2430 734 ΔΡ-
2428 643 2569 734 21⁷⁰

389 748 518 810 pro
563 749 674 792 me
727 729 799 792 in
858 731 1173 813 patibulo
1235 730 1454 795 clavis
1516 730 1838 812 transfigi
1893 730 2293 814 permisisti,
2318 746 2361 785 8
2378 744 2542 785 Godsie-

388 847 522 909 ego
550 830 878 913 deinceps
909 830 1383 895 calceamenta
1403 829 1695 914 pedibus
1730 851 1869 895 non
1905 829 2297 915 apponam.’

391 927 666 994 Exacto
711 931 928 1012 igitur
976 929 1557 1014 peregrinationis
1606 937 1797 1010 voto,
1851 932 1924 995 in
1963 930 2297 1015 Angliam

388 1029 775 1114 repedavit.

442 1201 627 1276 Quod
651 1199 858 1266 beatus
895 1201 1202 1267 Godrioas
1229 1203 1407 1290 apud
1433 1202 1743 1267 Finchalo
1776 1203 1973 1267 locum
2002 1201 2251 1269 habita-

843 1303 1053 1381 tioniS,
1082 1302 1213 1368 Deo
1244 1303 1613 1390 inspirante,
1647 1303 1842 1390 ekqit.

514 1426 871 1494 Reversus
905 1433 1136 1494 autem
1171 1429 1243 1492 in
1277 1429 1791 1511 aquilonalibus
1823 1425 2103 1512 Angliae
2133 1448 2297 1512 par·

391 1528 578 1591 tibus
625 1528 854 1593 locum
904 1529 978 1593 in
1021 1529 1202 1594 silva
1233 1528 1506 1594 invenit
1539 1536 1878 1594 secretum
1912 1529 2296 1595 Eschedale

390 1637 892 1711 nuncupatum,
951 1636 1023 1694 et
1068 1629 1252 1693 hunc
1295 1630 1428 1694 sibi
1479 1636 1871 1713 competere
1906 1630 2292 1714 judicabat.

392 1726 533 1793 Hic
587 1729 673 1794 de
717 1729 930 1812 lignis
1001 1730 1312 1794 casulam
1357 1731 1750 1795 construxit
1794 1737 1866 1794 et
1915 1731 2295 1813 cespitibus

387 1847 542 1892 eam
589 1830 795 1907 texit,
839 1830 1073 1914 ibique
1117 1850 1244 1913 per
1283 1849 1541 1894 annum
1598 1837 1670 1894 et
1708 1849 1977 1895 menses
2028 1829 2295 1913 aliquot

387 1917 770 2009 habitavit3
819 1930 965 2008 sed,
991 1950 1148 1997 cum
1183 1930 1279 1995 ibi
1309 1950 1354 1995 a
1387 1929 1684 1995 dominis
1712 1929 1907 1994 fundi
1938 1930 2293 1996 molestias

385 2030 858 2108 sustinuisset,
887 2030 1207 2095 discessit
1240 2037 1312 2094 et
1344 2031 1766 2095 Dunelmum
1800 2031 2139 2113 pervenit,
2173 2032 2292 2096 ubi

388 2130 798 2212 psalterium
849 2149 942 2196 ex
1001 2131 1273 2212 integro
1326 2131 1597 2196 discens
1646 2137 1919 2195 tantum
1967 2129 2041 2193 in
2101 2131 2293 2196 brevi

390 2230 710 2312 profecit,
743 2231 928 2313 quod
960 2232 1034 2295 in
1073 2231 1387 2315 psalmis,
1430 2231 1707 2315 hymnis
1753 2239 1824 2296 et
1860 2231 2296 2296 orationibus

387 2331 700 2395 eruditus
759 2338 890 2410 est,
959 2337 1300 2414 quantum
1356 2331 1489 2395 sibi
1543 2330 1855 2396 sufficere
1902 2332 2289 2397 videbatur.

389 2429 624 2513 Igitur
651 2431 888 2496 divina
917 2431 1387 2496 admonitione
1433 2432 1813 2514 inspiratus
1846 2432 1956 2495 die
1991 2431 2291 2515 quodam

389 2532 480 2596 ad
525 2532 834 2597 vicinum
880 2551 1122 2597 nemus
1167 2533 1531 2615 processit,
1578 2534 1696 2597 ubi
1741 2532 2009 2597 audivit
2051 2540 2290 2615 pasto-

388 2652 533 2696 rem
594 2633 941 2715 quendam
1007 2634 1200 2697 socio
1273 2633 1374 2696 sic
1441 2634 1808 2711 dicentem,
1854 2638 1872 2665 ‘
1900 2632 2161 2695 Eamus
2216 2633 2289 2696 in

389 2732 746 2810 Finchale,
780 2753 1030 2815 greges
1059 2732 1457 2816 adaquare.'
1562 2732 1741 2797 Haec
1778 2732 2063 2796 audiens
2093 2731 2287 2796 God-

384 2833 568 2898 ricus
636 2833 828 2898 dedit
882 2834 947 2897 ei
1005 2833 1230 2897 solum
1296 2852 1498 2915 quem
1562 2833 1803 2898 habuit
1855 2833 2159 2911 obolum,
2210 2841 2291 2898 ut

383 2933 582 2997 illum
618 2933 902 2999 duceret
934 2932 1023 2997 ad
1071 2933 1255 2999 hunc
1299 2933 1571 3012 locum;
1622 2934 1738 2998 ubi
1771 2933 1858 2997 ad
1893 2933 2287 2999 interiorem

384 3034 584 3098 silvae
621 3034 1035 3099 densitatem
1081 3034 1530 3116 progrediens
1571 3034 1872 3097 occurrit
1902 3033 2069 3115 lupo
2098 3034 2289 3098 mirae

386 3133 889 3216 magnitudinis
937 3134 1278 3210 saevienti,
1331 3134 1453 3217 qui
1493 3133 1567 3196 in
1611 3134 1807 3198 illum
1849 3133 2051 3196 irruit
2095 3152 2179 3197 ac
2226 3134 2289 3196 si

386 3235 599 3298 vellet
643 3234 978 3299 dilaniare
1015 3233 1400 3313 frustatim3
1445 3233 1795 3298 intellexit
1836 3239 2067 3296 autem
2100 3232 2293 3297 God-

386 3334 573 3399 ricus
608 3335 986 3399 versutiam
1020 3333 1166 3398 fore
1207 3333 1428 3399 hostis
1474 3334 1763 3417 antiqui,
1804 3332 1939 3415 [et]
1971 3334 2194 3397 crucis
2226 3334 2290 3397 ei

385 3434 716 3518 opposuit
770 3435 1047 3517 signum
1101 3434 1362 3510 dicenS,
1406 3437 1428 3467 ‘
1459 3432 1725 3517 Adjuro
1770 3439 1840 3496 te
1893 3432 1969 3495 in
2018 3434 2289 3498 nomine

385 3543 650 3600 sanctae
685 3533 1081 3611 TrinitatiS‚
1126 3542 1205 3597 ut
1244 3532 1654 3597 festinanter
1688 3532 1991 3610 recedas,
2023 3534 2085 3596 si
2118 3554 2287 3599 meae

383 3634 746 3701 servitutis
777 3635 1211 3717 obsequium,
1243 3633 1432 3717 quod
1469 3635 1543 3697 in
1589 3633 1722 3698 hoc
1768 3633 1923 3697 loco
1964 3633 2290 3698 exhibere

388 3735 689 3801 Domino
745 3736 1100 3818 proposui,
1147 3734 1242 3798 sit
1289 3741 1655 3816 acceptum
1680 3733 1722 3812 3’
1790 3737 1883 3809 et,
1919 3731 2026 3795 his
2060 3731 2292 3810 dictis,

383 3837 533 3901 fera
577 3854 654 3899 se
697 3835 928 3919 impiis
975 3835 1268 3919 pedibus
1321 3834 1726 3919 prostravit,
1776 3831 1977 3916 quasi
2016 3833 2291 3898 veniam

385 3943 814 4021 precaretur.
