3108 5059
840 451 973 515 252
1359 463 1626 512 uocum
1677 463 1772 510 nn
1817 461 2231 510 wssnnovmt

518 642 626 682 Am.
654 645 764 683 1151.
846 630 975 687 tes,
1058 620 1266 700 Quod
1304 622 1543 686 videns
1595 622 1970 704 imperator
1998 620 2453 684 contristatus
2481 623 2589 682 est
2625 617 2748 681 ve·-

517 693 801 784 ῗίιῗῖιῗῗιῗῖοι
845 721 1223 798 hementer,
1278 728 1350 785 et
1389 721 1607 804 jussit
1655 719 1988 784 ministris
2053 721 2226 798 suis,
2270 726 2375 796 ut,
2433 716 2748 799 expulsis

518 793 591 832 ‘¹²⁶
614 804 820 843 ‘mmm'
849 822 937 884 ab
978 821 1273 884 ecclesia
1316 821 1727 884 scismaticis
1771 820 1934 897 illis,
1967 819 2290 883 sedarent
2327 817 2745 894 tumultum3

848 920 1033 1003 quod
1098 939 1255 983 cum
1314 920 1576 984 factum
1644 920 1914 996 fuisset,
1971 919 2348 1002 imperator
2415 916 2748 998 praelatos

846 1020 1005 1084 illos
1067 1020 1376 1100 graviter
1435 1021 1798 1102 increpans
1851 1019 2066 1102 jussit
2123 1025 2200 1082 ut
2246 1016 2580 1082 violatam
2634 1034 2745 1078 re-

847 1118 1298 1183 conciliarent
1341 1118 1726 1196 ecclesiam,
1774 1137 1859 1182 ne
1921 1117 1994 1180 in
2049 1123 2250 1182 tanta
2305 1116 2748 1180 solemnitate

848 1237 893 1282 a
922 1220 1287 1282 missarum
1332 1218 1680 1301 obsequiis
1726 1217 2115 1282 defraudati
2162 1216 2462 1299 Spiritus
2503 1214 2746 1278 Sancti

848 1318 1310 1401 praepedirent
1348 1317 1746 1382 adventum.
1850 1317 2109 1382 Sedato
2151 1317 2392 1398 itaque
2440 1313 2744 1379 tumultu

850 1425 919 1482 et
966 1418 1261 1482 ecclesia
1303 1424 1658 1499 utcunque
1703 1416 2173 1492 reconciliata,
2203 1414 2602 1479 inchoatum
2635 1422 2744 1479 est

848 1518 1077 1581 missae
1106 1515 1426 1593 officium,
1457 1523 1527 1580 et
1551 1517 1712 1582 licet
1747 1525 2002 1580 temere
2024 1514 2272 1579 fuisset
2299 1519 2743 1592 attentatum,

849 1616 1031 1680 sicut
1066 1635 1291 1678 rerum
1329 1615 1562 1680 exitus
1606 1616 1960 1681 evidenter
2003 1614 2329 1691 ostendit,
2361 1621 2594 1690 tamen
2621 1632 2743 1676 us-

848 1735 985 1797 que
1039 1714 1127 1778 ad
1175 1715 1520 1796 evangelii
1574 1715 2219 1797 pronunciationem
2279 1719 2388 1776 est
2446 1713 2744 1796 perduc-

848 1821 995 1877 tum
1035 1835 1053 1893 ;
1121 1815 1239 1878 sed
1305 1833 1461 1878 cum
1530 1814 1782 1878 chorus
1842 1814 2292 1878 novissimum
2359 1814 2742 1894 sequentiae

847 1933 1122 1978 versum
1161 1921 1660 1996 percantasset,
1696 1919 1716 1948 ‘
1751 1913 1964 1978 Hunc
2008 1913 2186 1977 diem
2225 1912 2604 1994 gloriosum
2639 1911 2742 1976 fe·

847 2014 1051 2090 cisti,'
1096 2013 1359 2078 levavit
1409 2033 1648 2077 vocem
1697 2032 1895 2077 suam
1939 2012 2255 2078 diabolus
2301 2013 2373 2074 in
2419 2011 2741 2090 excelsiS,

846 2120 915 2177 et
972 2113 1297 2184 distincte
1344 2112 1431 2176 ad
1480 2112 2026 2194 intelligendum,
2078 2112 2345 2176 cunctis
2397 2111 2743 2176 audienti-

844 2212 999 2290 buS,
1034 2220 1318 2276 cantare
1356 2212 1595 2294 coepit,
1647 2217 1667 2246 ‘
1702 2211 1914 2276 Hunc
1948 2211 2128 2275 diem
2161 2211 2562 2276 bellicosum
2606 2231 2741 2293 ego

845 2311 1023 2374 feci.'
1126 2309 1337 2375 Hanc
1381 2312 1621 2394 itaque
1649 2331 1889 2377 vocem
1938 2311 2111 2375 adeo
2162 2309 2534 2375 terribilem
2579 2330 2741 2374 cum

842 2430 1080 2474 omnes
1127 2410 1662 2489 intellexissent,
1697 2410 2205 2475 contuebantur
2239 2429 2391 2474 sese
2435 2410 2525 2473 ad
2560 2411 2741 2475 invi-

840 2529 989 2574 cem
1041 2510 1321 2594 singuli,
1354 2510 1774 2577 admirantes
1821 2511 1986 2595 quid
2039 2510 2168 2575 hoc
2223 2517 2427 2575 esset.
2533 2509 2739 2577 Tunc

839 2611 1239 2693 imperator,
1291 2612 1411 2695 qui
1444 2612 1551 2676 vir
1598 2619 1748 2676 erat
1787 2612 2091 2695 prudens
2138 2617 2209 2675 et
2259 2610 2553 2675 devotus
2600 2611 2741 2675 Dei

840 2711 1091 2788 cultor,
1143 2711 1634 2775 animadvertit
1678 2730 1920 2777 vocem
1984 2730 2138 2774 esse
2193 2710 2522 2775 Sathanae
2575 2712 2740 2775 sub-

839 2810 1200 2873 sannantis
1244 2817 1315 2874 et
1362 2810 1894 2894 improperantis
1942 2818 2085 2874 tam
2129 2829 2409 2873 enorme
2456 2809 2738 2873 dissidi-

840 2928 955 2971 um
990 2908 1461 2991 praelatorum,
1500 2918 1573 2973 et
1604 2910 1936 2992 praecepit
1965 2910 2319 2987 continuo,
2351 2916 2432 2973 ut
2465 2909 2736 2974 archie-

836 3009 1189 3091 piscopus,
1221 3009 1341 3091 qui
1372 3009 1655 3073 missam
1697 3015 1849 3074 erat
1894 3009 2390 3086 celebraturus,
2424 3009 2736 3073 casulam

837 3108 1213 3192 deponeret
1231 3108 1447 3173 donec
1474 3128 1683 3192 super
1699 3116 1902 3173 tanta
1917 3108 2178 3193 injuria
2204 3108 2492 3191 Spiritui
2514 3108 2736 3174 Sanc·

836 3213 908 3271 to
951 3207 1129 3272 foret
1171 3208 1629 3286 satisfactum,
1678 3210 1798 3291 qui
1837 3228 1922 3271 ea
1961 3208 2072 3283 die
2115 3208 2295 3272 solet
2337 3207 2538 3271 donis
2587 3209 2736 3274 suis

833 3308 1144 3389 mysticis
1172 3306 1383 3372 corda
1421 3306 1726 3372 fidelium
1756 3307 2127 3371 illustrare.
2197 3307 2468 3371 Deinde
2507 3306 2736 3372 famu-

834 3405 939 3469 los
970 3425 1135 3470 suos
1164 3406 1445 3471 mittens
1476 3426 1604 3489 per
1628 3407 1898 3489 plateas
1921 3414 1991 3471 et
2012 3407 2204 3470 vicos
2233 3406 2537 3471 civitatis
2567 3405 2738 3474 fecit

832 3506 1202 3570 convenire
1237 3524 1577 3588 pauperes
1613 3525 1849 3570 omnes
1887 3514 1959 3570 et
1995 3506 2255 3572 debiles
2289 3505 2468 3569 infra
2513 3508 2735 3571 eccle-

834 3604 1007 3669 siam
1060 3605 1390 3670 violatam
1446 3611 1517 3668 et
1561 3612 1764 3670 extra
1801 3626 1818 3685 ;
1871 3605 2253 3669 esurientes
2305 3606 2524 3688 pavit,
2579 3608 2734 3672 siti-

833 3713 1028 3768 entes
1060 3704 1357 3787 potavit,
1390 3704 1613 3768 nudos
1641 3706 1949 3783 vestivit,
1981 3705 2448 3769 calceamenta
2494 3725 2732 3770 neces-

831 3804 1109 3869 sitatem
1145 3803 1562 3868 habentibus
1600 3806 1960 3887 erogavit3
2008 3805 2093 3868 de
2127 3806 2408 3868 senibus
2442 3812 2513 3869 et
2549 3807 2730 3871 vale-

831 3903 1218 3982 tudinariis,
1267 3905 1389 3986 qui
1439 3905 1511 3968 in
1565 3905 1876 3987 grabatis
1917 3905 2250 3989 jacebant
2297 3923 2422 3987 per
2465 3907 2732 3985 urbem,

828 4000 1010 4066 idem
1061 4002 1248 4081 fecit,
1296 4023 1580 4068 aureum
1639 4005 1932 4086 singulis
1978 4004 2290 4081 donavit,
2355 4002 2729 4087 injungens

829 4102 1119 4174 cunctis,
1173 4109 1253 4165 ut
1301 4104 1608 4167 divinam
1659 4104 2107 4187 implorarent
2161 4103 2730 4184 misericordiam,

830 4220 915 4263 ne
949 4200 1208 4284 populo
1244 4221 1371 4266 suo
1410 4204 1785 4285 imputaret
1831 4203 2276 4287 praelatorum
2333 4205 2729 4286 superbiam
