3108 5059
513 640 623 682 AJ).
644 641 759 683 1148.

512 1949 623 1988 A.1).
646 1949 757 1989 1144.

510 1999 749 2050 Faringdon

512 2051 657 2090 taken.

512 2646 624 2685 Λᾶ).
646 2646 759 2686 1145.

515 2696 670 2745 Ralph,
690 2696 779 2736 carl

512 2748 558 2786 of
572 2747 759 2795 ehester,

512 2798 659 2837 taken.

519 3529 628 3569 A.D.
651 3529 762 3569 1146.

838 447 971 514 236
1318 464 1588 512 uocum
1636 465 1730 513 DE
1781 465 2193 514 wENDovssa

838 619 1260 684 monasteria
1280 621 1645 688 incendere
1661 625 1930 690 solebat
1951 634 2024 690 et
2039 625 2384 708 frangere,
2403 646 2558 690 cum
2578 646 2744 709 pro-

836 720 1135 802 scriptus
1164 741 1355 785 mare
1388 724 1740 803 transiret,
1775 726 1976 790 navis
2015 727 2198 791 inter
2229 727 2452 790 undas
2497 727 2738 790 immo—

839 819 995 883 bilis
1045 824 1517 902 permanebat,
1577 825 1719 907 qui,
1768 825 1972 890 tertio
2029 834 2222 890 sorte
2267 827 2436 890 data
2483 834 2553 891 et
2600 829 2734 891 sibi

836 920 1109 997 sortita,
1149 921 1398 985 missus
1444 931 1551 988 est
1594 925 1666 988 in
1713 927 2044 1009 scapham
2080 946 2237 991 cum
2284 946 2503 991 uxore
2540 934 2612 990 et
2657 928 2736 991 li-

836 1019 1020 1084 beris
1080 1028 1152 1085 et
1191 1021 1488 1104 pecunia
1530 1042 1663 1088 sua
1713 1033 1887 1103 tota,
1937 1026 2059 1090 sed
2112 1027 2442 1091 navicula
2491 1028 2734 1091 statim

837 1119 1159 1184 fluctibus
1195 1122 1553 1188 submersa
1583 1133 1691 1189 est
1721 1133 1792 1190 et
1825 1127 2058 1190 miseri
2085 1127 2440 1210 perierunt
2475 1146 2494 1205 ;
2541 1147 2737 1208 ma„-

836 1238 929 1284 na
954 1239 1120 1285 vero
1155 1221 1379 1300 navis,
1410 1225 1586 1288 mari
1619 1233 1897 1308 pacato,
1932 1247 2216 1309 aequora
2247 1227 2398 1290 sine
2441 1227 2736 1309 impedi-

836 1327 1070 1385 mento
1108 1321 1430 1388 sulcavit.
1536 1326 1796 1391 Eodem
1842 1346 2025 1394 anno
2067 1325 2472 1404 GaufriduS,
2504 1346 2737 1391 comes

835 1417 1390 1502 Andegavensis,
1450 1442 1493 1487 a
1544 1425 1810 1490 civibus
1877 1426 2559 1509 Rothomagensibus
2627 1447 2738 1492 so-

835 1520 1153 1585 lemniter
1200 1531 1566 1606 susceptus
1611 1533 1720 1590 est
1769 1533 1840 1592 et
1889 1527 2138 1592 exinde
2186 1527 2332 1591 dux
2386 1526 2739 1592 Norman-

834 1620 969 1690 niae
998 1620 1391 1704 appellatus
1422 1631 1548 1690 est.

964 1805 1144 1886 Quod
1168 1827 1275 1871 rem
1309 1806 1662 1892 Stephanus
1690 1807 2071 1872 Farmdune
2095 1807 2410 1872 castellum
2439 1807 2618 1892 oepit.

938 1928 1145 1995 Anno
1193 1931 1475 1996 Domini
1503 1945 1812 1996 MGXLIV.
1853 1951 1978 1995 rex
2009 1930 2400 2013 Anglorum
2447 1931 2742 2014 Stepha-

837 2048 966 2094 nus
1020 2033 1339 2096 comitem
1382 2030 1804 2109 Glovcrniae,
1839 2052 1998 2096 cum
2041 2031 2278 2096 multis
2323 2032 2478 2095 aliis
2513 2033 2742 2095 inimi-

837 2149 1072 2194 corum
1133 2149 1441 2208 suorum,
1500 2151 1545 2195 a
1601 2133 2116 2196 constructione
2180 2131 2744 2195 Fatendunensis

836 2229 1047 2294 castri
1085 2223 1394 2312 ¹fugavit
1432 2239 1507 2296 et
1544 2231 1992 2315 municipium
2027 2231 2199 2295 illud
2234 2231 2307 2295 in
2348 2250 2479 2296 sua
2509 2238 2749 2314 potes-

836 2335 985 2394 tate
1016 2330 1293 2414 recepit.
1887 2343 1898 2354 ·

982 2496 1159 2579 Quod
1184 2519 1291 2563 rem
1322 2496 1677 2583 Stephanus
1705 2495 1864 2581 oepit
1891 2496 2163 2561 comitem
2197 2497 2582 2562 obstr-ensem.

937 2619 1147 2686 Anno
1182 2622 1470 2688 Domini
1515 2638 1792 2689 mcxix.
1839 2642 1966 2685 rex
2011 2620 2400 2704 Aug-lorum
2444 2621 2742 2705 Stepha-

838 2740 969 2785 nus
1027 2722 1213 2804 cepit
1252 2716 1698 2799 ²Ranulfum,
1760 2721 2048 2786 Cestriae
2103 2722 2448 2799 comitem,
2505 2721 2593 2785 ad
2655 2742 2738 2786 se

836 2821 1120 2904 pacifice
1137 2823 1527 2887 venientem
1562 2822 1746 2905 apud
1780 2820 2439 2904 Northamptonam,
2470 2830 2540 2887 et
2575 2842 2740 2886 eum

835 2920 911 2984 in
946 2936 1221 2986 carcere
1255 2922 1503 2999 tenuit,
1538 2940 1899 3005 quousque
1933 2920 2230 2987 reddidit
2265 2923 2329 2985 ei
2373 2922 2744 2987 castellum

838 3020 1322 3086 Lincolniense
1372 3042 1526 3086 cum
1571 3023 1866 3099 caeteriS,
1913 3041 2072 3104 quae
2120 3040 2268 3086 suae
2317 3021 2594 3088 fuerant
2632 3022 2739 3086 di-

837 3121 1069 3197 tioniS,
1116 3129 1188 3186 et
1237 3123 1339 3185 sic
1399 3141 1525 3186 rex
1589 3122 1774 3206 apud
1836 3120 2268 3188 Lincolniam
2333 3123 2740 3187 solemniter

839 3238 1165 3287 coronam
1199 3224 1529 3306 portavit.

845 3393 1023 3475 Quod
1050 3394 1365 3460 Hem-icas
1393 3417 1500 3460 rex
1512 3396 1784 3480 futurus
1818 3396 1889 3459 in
1917 3396 2000 3459 N
1991 3394 2385 3459 ormanniam
2421 3394 2746 3482 transivit.

941 3517 1150 3583 Anno
1180 3518 1464 3585 Domini
1493 3536 1800 3584 Mcxnvl.
1836 3512 2252 3598 ³HenricuS,
2282 3518 2476 3583 ducis
2506 3518 2746 3584 Ande-

839 3620 1067 3700 gaviae
1098 3619 1281 3684 filius
1312 3625 1383 3683 et
1414 3619 1874 3702 imperatricis
1909 3619 2251 3695 MatildiS,
2286 3619 2360 3681 in
2390 3618 2748 3683 Norman-

838 3720 1024 3783 niam
1089 3720 1460 3796 transiens,
1518 3718 1591 3782 in
1673 3719 1782 3782 die
1850 3718 2238 3783 Dominicae
2315 3720 2758 3783 ascensionis

909 3925 926 3958 ¹
954 3929 1220 3994 Fugavit]
1257 3930 1343 3979 He
1364 3929 1487 3978 took
1510 3928 1637 3977 with
1659 3928 1762 3977 him
1813 3928 2042 3977 conciled
2087 3927 2188 3977 and
2241 3927 2346 3977 had
2390 3928 2614 3977 assisted
2660 3928 2756 3979 the

838 4012 905 4047 an
926 4013 1068 4059 army
1090 4000 1148 4047 of
1170 4000 1461 4049 Londoners
1494 4012 1767 4049 numerous
1813 3998 1940 4061 king
1961 4003 2015 4047 at
2034 3998 2119 4047 the
2143 3998 2281 4060 siege
2302 3998 2360 4047 of
2374 3998 2718 4061 wallingford
2729 4014 2755 4060 ;⁴

838 4068 939 4117 and
960 4069 1197 4131 terrible3
1232 4069 1521 4132 Huntingd.
1544 4086 1598 4132 p.
1619 4072 1732 4119 893.
1817 4067 2104 4130 Huntingd.
2128 4084 2181 4130 p.
2205 4071 2318 4118 394.

1887 4135 1908 4165 ³
1936 4133 2249 4205 Hem-icum]
2285 4138 2535 4200 Compare
2558 4138 2751 4189 Chron.

870 4250 879 4257 .
909 4204 931 4234 ²
951 4202 1267 4276 RanuUum]
1306 4208 1390 4257 He
1413 4208 1516 4259 had
1539 4210 1667 4259 been
1690 4224 1769 4258 re·
1817 4208 2074 4271 Gervasii,
2098 4212 2244 4259 1361.
