3108 5059
847 502 1127 552 smnus
1174 503 1718 552 ms'romARUM.
2102 484 2237 553 335

326 683 672 748 quamque
729 664 932 729 famae
987 683 1160 729 meae
1219 673 1292 728 et
1350 671 1603 730 νοείτω
1664 672 1950 746 generet
2009 664 2236 730 Ιωείο-
2262 681 2317 722 Δ
2320 680 2374 720 1>
2396 682 2510 722 ¹1⁶⁹

328 785 510 843 nem,
562 771 816 830 vestrae
871 764 1078 829 credo
1126 783 1266 829 non
1322 765 1753 847 incognitum
1801 731 2517 872 Ῑ)τιι(1οιιῐίω;ξ’ξΞιΞῖἑίιξὲοιξιι

326 865 608 932 videtur
661 865 832 929 mihi
879 864 1114 941 etiam,
1177 864 1360 947 quod
1417 884 1527 929 me
1581 865 1783 948 quasi
1832 865 2235 930 derelictum

329 965 702 1049 projecerit
777 965 1164 1047 paternitas
1224 970 1488 1040 vestra,
1545 984 1703 1028 cum
1774 964 1863 1029 ad
1934 966 2235 1048 ignomi-

329 1066 465 1129 niae
505 1084 680 1129 meae
731 1070 1184 1146 augmentum
1237 1062 1663 1146 flagitiosum
1724 1064 1798 1127 in
1861 1084 1971 1129 me
2032 1085 2232 1147 gras·

331 1165 472 1229 sari
511 1163 856 1247 permittit
891 1163 1266 1240 inimicum,
1306 1182 1434 1229 nec
1468 1163 1783 1246 reprimit
1822 1164 2231 1249 injuriarum

331 1263 838 1330 vehementiam
927 1270 1240 1347 paternae
1311 1264 1759 1330 correctionis
1824 1264 2230 1330 moderatio.

332 1364 664 1430 Vestram
707 1363 923 1445 igitur
959 1364 1248 1428 obsecro
1285 1364 1694 1446 suppliciter
1734 1370 1807 1430 et
1848 1363 2121 1450 adjuro,
2154 1373 2234 1430 ut

325 1464 596 1548 justum
645 1470 776 1541 est,
823 1462 1327 1540 celsitudinem,
1361 1470 1465 1540 ut,
1510 1482 1714 1546 quem
1763 1464 1906 1529 filio
1940 1464 2233 1543 debetiS,

333 1564 564 1646 operis
593 1562 1020 1628 exhibitione
1050 1563 1451 1628 monstretis
1482 1563 1830 1641 affectum,
1860 1571 1932 1629 et
1964 1564 2231 1630 illatam

337 1663 506 1727 mihi
542 1670 613 1727 et
637 1662 952 1746 personis
985 1661 1156 1727 meis
1180 1669 1252 1736 et
1278 1670 1482 1727 terrae
1512 1683 1685 1727 meae
1715 1664 2041 1748 injuriam
2072 1666 2231 1729 abs-

335 1782 469 1846 que
511 1763 904 1827 tardatione
949 1761 1312 1826 emendare
1347 1761 1748 1845 dignemini,
1792 1770 1865 1828 et
1907 1763 2230 1846 quicquid

335 1862 776 1929 adversarius
807 1881 1004 1925 meus
1035 1868 1280 1927 contra
1301 1861 1482 1946 juris
1512 1863 1822 1927 ordinem
1853 1871 2097 1928 contra
2122 1884 2231 1928 me

332 1970 405 2027 et
437 1980 776 2045 personas
820 1961 1020 2043 regni
1053 1961 1208 2038 mei,
1242 1962 1531 2026 clericos
1570 1969 1643 2026 et
1676 1960 1915 2040 laicos,
1954 1963 2229 2041 statuit,

331 2063 604 2126 irritum
652 2061 966 2126 habeatis
1011 2067 1082 2125 et
1117 2080 1452 2143 vacuum3
1522 2061 1976 2144 petitionibus
2022 2063 2230 2141 enim,

329 2181 508 2245 quas
546 2159 952 2245 paternitati
983 2167 1238 2225 νοείτω
1275 2161 1717 2244 porrigimuS,
1758 2180 2114 2227 assensum
2145 2163 2232 2229 de

321 2261 482 2346 jure
521 2261 831 2344 praebere
871 2259 1225 2337 tenemini,
1252 2261 1556 2326 maxime
1584 2280 1743 2326 cum
1782 2262 2231 2344 petitionibus

332 2361 612 2438 vestris,
649 2379 826 2443 quas
864 2359 1034 2423 mihi
1072 2360 1296 2424 nuntii
1334 2361 1550 2425 vestri
1578 2359 1927 2426 Vivianus
1966 2363 2232 2428 scilicet

328 2468 399 2526 et
423 2459 812 2526 Gratianus
831 2460 1338 2544 proponebant,
1362 2467 1705 2543 quatenus
1732 2480 1920 2545 saepe
1949 2461 2095 2526 fato
2122 2481 2231 2526 ar-

329 2561 770 2645 chiepiscopo
803 2559 1290 2625 Cantuariensi
1323 2560 1995 2645 archiepiscopatum
2030 2582 2231 2625 suum

329 2669 400 2727 et
443 2680 748 2726 amorem
783 2666 1096 2731 nostrum
1136 2659 1601 2738 redderemus,
1643 2679 1791 2738 nos,
1841 2663 2231 2744 postposito

330 2762 593 2826 honore
647 2767 911 2836 nostro,
954 2759 1418 2823 concessimus
1469 2779 1705 2824 coram
1753 2761 1925 2844 ipsis
1976 2761 2230 2842 legatis

331 2868 403 2926 et
449 2866 612 2925 octo
655 2858 1188 2942 archiepiscopis
1231 2867 1303 2925 et
1345 2860 1689 2943 episcopis
1742 2866 1813 2925 et
1864 2861 2231 2927 abbatibus

331 2960 596 3039 multiS,
634 2959 797 3023 licet
833 2958 951 3023 ille
984 2960 1248 3041 absque
1283 2960 1709 3025 conscientia
1738 2969 1981 3026 nostra
2017 2969 2089 3026 et
2116 2968 2232 3027 cos-

332 3061 610 3125 actione
644 3058 880 3141 aliqua
907 3078 951 3122 a
981 3077 1199 3141 regno
1233 3059 1508 3136 exierit,
1542 3066 1623 3123 ut
1652 3060 1825 3123 bene
1860 3068 1930 3124 et
1958 3062 2030 3123 in
2059 3080 2230 3143 pace

331 3160 613 3236 rediret,
641 3166 713 3224 et
743 3177 984 3225 omnes
1014 3159 1486 3241 possessiones
1531 3176 1699 3222 suas
1733 3159 2019 3225 haberet
2048 3160 2228 3224 sicut

331 3260 578 3325 habuit
618 3257 898 3341 quando
931 3277 977 3321 a
1006 3277 1223 3340 regno
1262 3259 1506 3336 exivit,
1545 3265 1616 3322 et
1645 3277 1885 3323 omnes
1921 3258 2041 3342 qui
2073 3278 2228 3323 cum

331 3380 416 3424 eo
450 3359 566 3425 vel
603 3378 730 3440 pro
766 3376 848 3421 eo
881 3357 1228 3434 exierunt,
1272 3358 1488 3422 salvis
1531 3357 1987 3439 dignitatibus
2034 3359 2228 3440 regni

328 3458 591 3537 nostri3
637 3457 1079 3521 serenitatem
1119 3456 1336 3539 igitur
1377 3464 1681 3522 vestram
1728 3459 1983 3523 obnixe
2026 3477 2230 3541 roga-

329 3578 510 3635 mus,
554 3564 900 3639 quatenus
954 3564 1223 3622 attente
1275 3556 1724 3621 consideretis
1776 3558 2104 3622 honorem
2158 3565 2229 3621 et

328 3658 726 3734 utilitatem,
770 3675 982 3739 quam
1025 3657 1224 3723 vobis
1267 3663 1337 3720 et
1376 3657 1589 3723 curiae
1630 3652 1889 3721 vestrae
1930 3657 2227 3721 contuli-

329 3777 484 3822 mus
519 3764 591 3821 et
627 3756 701 3820 in
733 3755 1067 3833 futurum,
1103 3756 1232 3820 nisi
1271 3774 1396 3837 per
1426 3775 1554 3822 vos
1598 3757 1893 3833 steterit,
1924 3756 2225 3820 confere-

329 3877 510 3935 mus,
562 3862 636 3919 et
681 3856 782 3919 sic
826 3875 971 3919 rem
1015 3855 1194 3920 hanc
1251 3855 1354 3919 ita
1411 3863 1795 3938 temperare
1837 3854 2092 3933 velitiS,
2139 3875 2227 3919 ne

329 3957 522 4022 illius
562 3954 809 4037 perfidi
853 3954 1224 4038 proditoris
1268 3954 1489 4019 nostri
1539 3955 1907 4019 malitiosae
1959 3955 2228 4019 blandi-

329 4058 446 4122 tiae
515 4046 1030 4137 simplicitatem
1102 4060 1411 4121 nostram
1475 4055 2038 4133 circumveniant,
2104 4056 2229 4121 sed

318 4158 535 4243 juxta
586 4154 987 4237 petitionem
1045 4161 1355 4218 nostram
1401 4174 1546 4231 οοε,
1593 4155 1713 4238 qui
1758 4156 2227 4220 excommuni-

325 4257 466 4322 cati
497 4262 686 4331 sunt,
721 4254 1126 4331 absolvatiS,
1163 4262 1256 4331 et,
1287 4272 1374 4317 ne
1406 4254 1480 4317 in
1514 4255 1690 4319 alios
1722 4276 2062 4320 venenum
2104 4276 2227 4319 ex-
