3108 5059
505 650 616 690 ΔΙ).
637 650 750 691 1097.

499 701 677 751 Histoi-y
693 703 743 742 of

498 751 572 791 the
583 752 802 794 Crunaden.

499 1058 620 1108 Siege
631 1059 801 1101 ofNice.

825 457 914 526 84
1350 475 1621 524 nocam
1668 475 1763 525 na
1809 475 2227 526 wssunovssa

829 637 1086 720 capita,
1121 655 1278 700 cum
1316 637 1729 721 quibusdam
1773 637 2095 721 captivis,
2130 636 2219 702 ad
2250 637 2735 720 imperatorem

831 739 1232 820 dirigentes.

1260 913 1360 977 De
1389 911 1757 998 waossione
1785 921 1841 978 et
1872 913 2063 978 ruina
2094 901 2311 980 wrm.
2329 918 2343 934 ⁰

934 1036 1072 1101 His
1104 1037 1208 1102 ita
1233 1038 1477 1120 gestiS,
1506 1038 1772 1121 placuit
1803 1037 2229 1120 principibus
2270 1041 2353 1099 ut
2395 1034 2737 1117 petrarias

831 1133 1175 1222 aliasque¹
1213 1138 1571 1203 machinas
1610 1138 1699 1203 ad
1742 1158 1979 1203 muros
2022 1138 2213 1201 urbis
2258 1134 2733 1218 applicarent3

830 1239 1130 1322 dumque
1172 1239 1245 1304 in
1284 1238 1414 1304 hoc
1465 1239 1801 1319 attentius
1848 1237 2149 1303 artifices
2196 1237 2615 1316 laborarent,
2662 1242 2733 1298 et

828 1340 1070 1404 urbem
1120 1339 1597 1423 frequentibus
1651 1340 2180 1422 impugnassent
2231 1336 2740 1420 congressioni-

830 1441 986 1518 buS,
1049 1441 1390 1505 curriculo
1453 1447 1719 1524 septem
1779 1439 2387 1516 hebdomadarum,
2436 1436 2735 1520 quadam

829 1540 942 1604 die
986 1541 1305 1606 condicto
1346 1541 1430 1604 de
1472 1561 1665 1606 more
1706 1541 1994 1617 insultu,
2028 1540 2205 1604 duos
2246 1539 2535 1615 nobiles,
2570 1537 2739 1601 Bal-

831 1639 1177 1705 dewinum
1229 1641 1546 1706 videlicet
1602 1641 1947 1707 Calderon
1997 1648 2068 1705 et
2126 1639 2605 1705 Baldewinum
2652 1638 2740 1702 de

833 1739 1049 1818 Gant,
1081 1762 1294 1806 unum
1330 1742 1529 1826 jactu
1577 1741 1911 1825 lapidum,
1948 1742 2241 1805 alterum
2277 1740 2480 1824 jactu
2522 1738 2741 1820 sagit·

831 1847 949 1919 tae,
983 1842 1148 1906 dum
1189 1843 1567 1908 animosius
1601 1844 1675 1906 in
1719 1843 1909 1906 urbis
1954 1841 2471 1926 expugnatione
2505 1839 2738 1904 decer·

831 1949 1088 2021 tarent,
1141 1945 1363 2009 nostri
1406 1945 1658 2009 misero
1704 1942 2085 2008 infortunio
2140 1941 2541 2005 amiserunt.
2647 1939 2735 2003 In

831 2044 971 2108 alio
1004 2064 1278 2128 quoque
1307 2044 1626 2108 simfliter
1655 2044 2007 2121 conflictu,
2038 2043 2124 2107 de
2156 2040 2543 2125 principum
2571 2060 2743 2104 con-

829 2143 988 2209 cilio
1026 2147 1302 2223 iterato,
1337 2165 1567 2210 comes
1600 2143 1997 2210 Willelmus
2031 2143 2119 2208 de
2166 2143 2407 2207 Foreis
2452 2149 2523 2206 et
2555 2139 2739 2206 Galo

833 2243 918 2308 de
992 2244 1237 2309 Insula
1303 2247 1581 2327 sagittis
1647 2245 1906 2310 confixi
1982 2244 2377 2309 ceciderunt
2414 2262 2431 2322 ;
2504 2240 2738 2306 Guido

828 2351 1167 2426 praeterea
1213 2345 1300 2409 de
1353 2345 1713 2424 Possessa,
1753 2346 1860 2412 vir
1906 2345 2180 2422 nobiliS,
2224 2343 2479 2409 ibidem
2532 2362 2737 2408 carne

827 2444 1096 2509 solutus
1151 2452 1281 2524 est,
1333 2448 1531 2528 gravi
1592 2446 1989 2521 infirmitate
2052 2452 2436 2528 correptus,
2540 2442 2737 2523 Qua..

827 2545 988 2610 dam
1017 2548 1266 2611 iterum
1296 2547 1432 2626 die,
1460 2549 1627 2613 dum
1662 2549 2007 2632 principes
2038 2547 2343 2612 universi
2376 2544 2730 2609 machinas

827 2665 992 2711 suas
1025 2649 1342 2713 certatim
1376 2649 1464 2713 ad
1494 2670 1768 2714 murum
1796 2649 2251 2731 applicarent,
2281 2666 2511 2712 comes
2547 2644 2733 2709 Her-

826 2764 1120 2811 mannus
1143 2757 1216 2813 et
1246 2748 1595 2814 Henricus
1616 2751 1701 2814 de
1724 2749 1987 2826 Ascha,
2010 2748 2448 2825 Theutonici,
2478 2745 2735 2810 instru-

827 2855 1136 2912 mentum
1165 2849 1510 2931 quoddam
1543 2851 1718 2915 satis
1764 2850 2131 2915 artificiose
2175 2855 2731 2931 composuerunt,

827 2947 900 3009 in
950 2968 1090 3030 quo
1141 2951 1408 3031 equites
1453 2950 1702 3033 viginti
1756 2956 2244 3033 componentes
2313 2948 2402 3012 ad
2461 2968 2733 3012 murum

827 3048 1337 3131 applicuerunt,
1401 3070 1558 3134 quae
1622 3051 1901 3115 tandem
1958 3048 2367 3133 [machina],
2412 3048 2737 3113 instanti-

826 3148 957 3212 bus
989 3149 1076 3213 ad
1110 3150 1601 3230 defensionem,
1633 3172 2043 3235 magnorum
2075 3150 2379 3234 impulsu
2423 3149 2735 3233 lapidum

827 3248 930 3313 ita
972 3252 1274 3315 contrita
1321 3260 1452 3330 est,
1498 3261 1579 3317 ut
1627 3273 1747 3318 eos
1800 3254 1918 3336 qui
1968 3252 2149 3316 infra
2196 3258 2396 3315 erant
2446 3252 2739 3333 compri-

828 3358 1047 3415 meret
1103 3352 1514 3433 universos3
1600 3353 1961 3419 fervebant
2024 3360 2253 3418 autem
2311 3351 2433 3415 alii
2485 3351 2739 3417 nihilo-

827 3450 1054 3514 minus
1100 3451 1173 3515 in
1233 3472 1407 3535 opus
1470 3454 1850 3537 inceptum,
1902 3461 1974 3517 et
2019 3452 2315 3517 assiduis
2364 3451 2739 3516 insultibus

829 3550 1136 3633 requiem
1199 3553 1464 3618 civibus
1524 3554 2051 3620 subtrahebant.
2164 3547 2188 3585 ²
2202 3553 2431 3617 Lacus
2500 3558 2737 3619 tamen

827 3650 1095 3717 civitati
1130 3653 1457 3738 adjacens
1498 3662 1895 3721 nostrorum
1942 3654 2291 3737 praecipue
2352 3654 2735 3737 praepedie-

825 3751 949 3816 bat
987 3773 1162 3837 opus
1167 3802 1187 3833 ‚
1225 3775 1386 3821 nam
1421 3756 1611 3821 cives
1641 3777 1767 3840 per
1800 3776 1958 3821 eum
2000 3755 2283 3820 liberius
2316 3755 2733 3837 navigantes

825 3996 831 4000 ·
896 3966 1162 4035 'Alia-’que
1199 3968 1498 4043 machinam]
1550 3975 1651 4024 For
1687 3988 1752 4023 an
1876 3971 1897 4001 ²
1917 3974 2121 4038 Laeua]
2154 3972 2219 4021 ‘1
2241 3975 2423 4021 cannot
2438 3970 2639 4019 fot-bear
2658 3984 2739 4019 re-

823 4046 1040 4093 account
1075 4041 1134 4092 of
1165 4043 1250 4092 the
1289 4044 1496 4107 engines
1532 4045 1665 4095 used
1700 4048 1753 4095 at
1804 4045 2039 4107 marking
2052 4044 2137 4093 the
2154 4043 2493 4093 resemblance
2506 4041 2735 4090 between

822 4112 1008 4174 sieges,
1041 4115 1138 4162 etc.
1175 4114 1228 4162 in
1261 4114 1347 4163 the
1381 4116 1571 4165 middle
1610 4130 1751 4179 ages,
1801 4116 1887 4165 the
1921 4116 2059 4175 siege
2090 4114 2192 4164 and
2224 4114 2343 4163 lake
2364 4112 2423 4162 of
2450 4111 2583 4161 Nice
2605 4110 2731 4159 with

822 4196 910 4232 see
927 4182 1386 4247 Muratori,Antiq.
1405 4185 1524 4235 Ital.
1550 4191 1671 4237 tom.
1695 4187 1750 4236 ii.
1800 4186 1886 4235 the
1918 4186 2206 4248 operatione
2234 4184 2293 4234 of
2314 4184 2525 4233 Hei-nan
2549 4180 2732 4232 Cortez

823 4268 876 4317 P·
899 4256 1015 4316 452,
1037 4268 1167 4317 ⁸⁶⁹⁹·
1801 4255 1970 4306 before
2003 4255 2249 4308 Mexic0.’
2316 4254 2541 4316 Gibbon,
2574 4253 2645 4301 xi.
2680 4268 2733 4315 p.

1803 4332 1887 4391 5⁷,
1901 4332 2029 4378 note.
