3108 5059
854 502 944 568 34
1369 519 1637 568 uocum
1686 520 1781 567 nn
1824 518 2243 568 wnNnovnn

538 701 783 742 zum-1⁰⁸⁸·
862 687 1083 770 pavit,
1148 693 1220 750 et
1280 684 1369 749 ad
1437 693 1739 751 castrum
1804 684 2113 750 Rofense
2176 684 2375 748 illum
2429 682 2761 745 ducentes

862 787 1038 868 regii
1098 785 1354 850 milites
1421 787 1510 849 ab
1563 786 1851 851 inclusis
1908 786 2295 867 ingressum
2358 783 2759 865 requirunt3

863 886 1126 951 addunt
1155 887 1388 963 etiam,
1436 885 1568 950 hoc
1607 887 1960 951 dominum
2004 906 2205 950 suum
2241 884 2443 960 velle,
2480 882 2611 946 hoc
2653 900 2761 944 re-

863 1007 1017 1069 gem
1067 988 1422 1051 absentem
1459 987 1708 1071 jubere
1746 1007 1764 1068 ;
1818 994 1970 1050 erat
2004 993 2239 1061 autem
2277 991 2446 1048 tunc
2490 983 2563 1046 in
2610 1000 2763 1045 cas-

863 1094 972 1151 tro
1012 1087 1134 1151 illo
1183 1094 1336 1152 tota
1379 1087 1520 1151 fere
1562 1086 1955 1171 juventutis
1985 1085 2265 1169 Angliae
2300 1091 2373 1149 et
2412 1082 2764 1149 Norman-

861 1186 995 1251 niae
1051 1186 1400 1265 nobilium,
1455 1194 1597 1251 tres
1652 1187 1919 1252 scilicet
1970 1186 2094 1250 filii
2148 1186 2421 1250 comitis
2474 1182 2763 1265 Rogeri,

863 1294 934 1350 et
974 1287 1392 1351 Eustachius
1435 1307 1667 1353 comes
1709 1288 2044 1352 Bononiae
2090 1287 2352 1371 junior,
2400 1304 2559 1349 cum
2608 1282 2763 1347 aliis

861 1386 1099 1452 multis
1129 1407 1306 1470 quos
1325 1388 1729 1452 nominatim
1756 1388 2234 1471 praetermitto.
2284 1385 2547 1450 Inclusi
2574 1402 2765 1459 vero,

863 1494 1067 1551 extra
1088 1488 1174 1552 de
1208 1508 1406 1551 muro
1426 1489 1952 1571 prospicienteS,
1971 1487 2241 1552 vultum
2270 1485 2575 1569 episcopi
2607 1502 2763 1548 cum

862 1587 1158 1653 militum
1198 1589 1428 1652 verbis
1491 1609 1630 1653 non
1684 1588 2050 1653 convenire
2103 1586 2525 1671 conjectant,
2580 1584 2763 1648 unde

865 1688 1057 1751 ocius
1107 1689 1366 1770 apertis
1414 1689 1641 1753 valvis
1706 1696 2040 1753 exeuntes
2105 1706 2344 1752 omnes
2398 1706 2555 1750 cum
2616 1685 2764 1767 epi-

864 1807 1077 1870 scopo
1129 1788 1384 1852 milites
1436 1789 1665 1871 regios
1712 1790 1785 1852 in
1841 1787 2203 1852 castellum
2242 1788 2515 1852 vinctos
2564 1784 2768 1849 redu-

867 1896 1076 1967 cunt;
1124 1889 1245 1952 sed
1281 1908 1518 1953 rumor
1547 1889 1718 1953 sacti
1764 1889 1851 1952 ad
1896 1908 2129 1971 regem
2174 1889 2312 1952 cito
2356 1886 2769 1969 prolabitur,

866 1989 985 2071 qui
1035 1988 1211 2052 iram
1260 1989 1448 2053 intra
1489 1990 1979 2054 conscientiam
2022 1989 2385 2053 revolvens
2432 1985 2769 2069 stipendi-

863 2088 1050 2151 arios
1105 2107 1270 2152 suos
1330 2086 1601 2171 Anglos
1660 2096 2062 2172 congregat,
2110 2088 2314 2172 jubet
2360 2095 2444 2151 ut
2486 2105 2769 2169 compa-

862 2187 1093 2252 triotae
1129 2188 1218 2251 ad
1255 2188 1681 2254 obsidionem
1713 2190 2017 2266 veniant,
2050 2189 2185 2252 nisi
2213 2188 2430 2253 velint
2474 2188 2603 2251 sub
2642 2206 2769 2251 no-

863 2286 1044 2352 mine
1061 2282 1412 2370 ¹Nithing,
1436 2291 1623 2372 quod
1641 2290 1893 2354 Latine
1916 2297 1936 2324 ‘
1954 2288 2274 2372 nequam’
2294 2294 2529 2364 sonat,
2545 2307 2769 2351 rema-

865 2406 1051 2451 nere.
1130 2386 1350 2469 Angli
1378 2389 1680 2472 quidem,
1708 2391 1829 2473 qui
1863 2390 2035 2453 nihil
2067 2390 2383 2453 miserius
2417 2388 2771 2452 aestimant

864 2506 1075 2572 quam
1105 2488 1499 2574 hujusmodi
1531 2490 1865 2555 dedecore
1894 2490 2218 2556 vocabuli
2252 2489 2505 2567 notari,
2541 2496 2769 2554 cater-

863 2589 1084 2654 vatim
1136 2589 1223 2653 ad
1275 2609 1509 2672 regem
1556 2591 1915 2656 confluunt
1979 2591 2450 2655 invincibilem
2510 2590 2773 2654 exerci-

864 2697 1014 2753 tum
1060 2698 1510 2772 congerentes
1549 2711 1567 2772 ;
1617 2711 1743 2756 nec
1794 2691 2044 2756 inclusi
2077 2691 2421 2755 diutinam
2469 2691 2769 2754 obsidio-

865 2807 1022 2852 nem
1045 2790 1221 2854 ferre
1249 2790 1712 2873 praevalentes
1731 2792 2094 2856 castellum
2117 2791 2267 2873 regi
2296 2791 2763 2855 reddiderunt.

869 2888 1024 2953 Odo
1071 2891 1287 2972 igitur
1339 2891 1704 2974 episcopus
1768 2892 2072 2956 secundo
2138 2898 2388 2974 captus
2435 2890 2767 2973 Angliam

865 2998 1202 3072 perpetuo
1226 2989 1608 3076 abjuravit3
1641 2991 2601 3075 episcopumDunelmensem
2618 3011 2770 3069 rex,

865 3084 1260 3172 praetentae²
1310 3093 1633 3156 amicitiae
1684 3093 2099 3156 verecundia
2153 3092 2427 3170 ductus,
2476 3092 2771 3156 liberum

867 3190 1060 3254 abire
1100 3192 1437 3273 permisit,
1478 3193 1600 3276 qui
1650 3211 1815 3256 mox
1861 3192 1949 3256 ad
1997 3192 2499 3257 Normanniam
2545 3197 2773 3256 trans-

865 3289 1151 3355 fretavit
1175 3313 1193 3371 3
1240 3293 1512 3356 caeteris
1543 3293 1861 3356 omnibus
1887 3293 1960 3356 in
1987 3292 2123 3357 fide
2149 3293 2470 3376 receptis·
2556 3293 2773 3356 Deni-

867 3409 1023 3473 que,
1070 3391 1252 3455 inter
1309 3392 1436 3456 has
1484 3391 1864 3456 obsidionis
1922 3412 2177 3471 moraS,
2226 3391 2525 3458 ministri
2583 3393 2769 3474 regis

867 3508 1057 3553 mare
1105 3491 1574 3556 custodientes
1614 3492 1978 3575 quosdam,
2022 3513 2198 3576 quos
2233 3493 2379 3556 dux
2416 3492 2769 3557 Robertus

865 3589 939 3652 in
961 3591 1299 3655 auxilium
1317 3592 1809 3674 praedictorum
1838 3594 2123 3659 miserat
2149 3593 2772 3671 schismaticorum,

865 3691 1120 3772 partim
1161 3691 1350 3756 caede
1397 3698 1470 3757 et
1519 3693 1776 3776 partim
1822 3694 2190 3776 naufragio
2232 3702 2771 3776 oppresserunt3

863 3809 1158 3872 quorum
1192 3793 1474 3874 quidam
1507 3793 1747 3876 fugam
1778 3782 2193 3859 meditantes
2227 3801 2439 3858 vento
2478 3795 2773 3858 destitu-

863 3896 1099 3968 untur,
1130 3899 1202 3957 et
1243 3893 1346 3957 sic
1389 3893 1687 3959 ludibrio
1717 3891 1971 3976 Anglis
2006 3895 2275 3978 sibique
2308 3894 2525 3959 exitio
2554 3894 2773 3958 exsti-

931 4155 950 4188 ¹
997 4159 1263 4225 Nithing,]
1294 4151 1352 4211 o}
1371 4163 1387 4190 ‘
1420 4163 1712 4227 Nida-ing?
1746 4165 1792 4214 is
1844 4164 2085 4215 Malmsb.
2108 4181 2161 4228 p.
2185 4169 2301 4228 489,
2322 4170 2433 4215 note
2454 4162 2494 4218 ⁸.
2542 4167 2638 4217 See
2661 4167 2773 4218 also

860 4230 1115 4292 supposed
1155 4231 1224 4292 by
1259 4233 1467 4282 Somner
1511 4237 1564 4282 to
1610 4234 1791 4284 denote
1841 4235 2099 4298 Spelman,
2120 4235 2187 4284 ad
2207 4251 2307 4286 voc.

859 4300 987 4348 such
1011 4303 1070 4351 as
1091 4302 1266 4351 would
1285 4303 1394 4353 rifle
1416 4319 1450 4354 a
1470 4301 1607 4354 dead
1628 4305 1788 4369 b0dy;
1911 4301 2247 4372 ’Pu-etenum]
2280 4309 2299 4335 ‘
2317 4303 2639 4372 Praeteritae,'
2668 4309 2729 4358 C.
