3108 5059
937 491 1215 540 nonus
1260 491 1805 541 nuronmnuu.
2229 477 2320 542 23

400 655 652 713 contra
696 649 1124 742 Clementem
1178 669 1365 736 papa
1426 649 1742 728 efficitur,
1795 651 1916 716 sed
1973 653 2113 717 cito
2157 659 2317 736 post
2341 669 2584 712 ,ιη-1084.

402 751 698 813 moritur
724 752 966 815 morbo
998 752 1434 835 dysenterico
1470 751 1874 817 dissolutus.

500 849 769 914 Eodem
800 870 984 915 anno
1012 873 1138 916 rex
1160 851 1551 934 Anglorum
1574 852 1994 928 WillelmuS,
2022 850 2096 914 in
2125 849 2313 916 Pen-

406 955 747 1028 tecosten,
789 951 976 1033 apud
1007 952 1729 1029 westmonasterium,
1765 951 2146 1016 Henricum
2183 951 2317 1016 fili-

401 1069 518 1112 um
548 1069 751 1113 suum
768 1051 1115 1135 juniorem
1144 1051 1420 1133 cingulo
1446 1051 1732 1116 militari
1757 1051 2067 1116 donavit.
2171 1051 2316 1116 De-

399 1149 561 1212 inde
590 1151 775 1233 cepit
805 1151 1130 1233 homagia
1154 1151 1507 1216 hominum
1537 1152 1753 1216 totius
1782 1150 2062 1234 Angliae
2098 1157 2170 1215 et
2189 1151 2311 1235 ju-

398 1257 788 1314 ramentum
820 1250 1198 1329 fidelitatis,
1230 1252 1705 1336 cujuscunque
1732 1257 1966 1317 essent
1990 1249 2181 1314 feudi
2201 1252 2313 1315 vel

400 1351 800 1428 tenementi,
842 1359 936 1429 et,
974 1353 1271 1416 extortis
1304 1372 1578 1433 magnae
1615 1352 1928 1435 pecuniae
1965 1351 2182 1434 copiis
2226 1352 2312 1415 de

400 1451 927 1534 quibuscunque
974 1452 1280 1534 aliquam
1330 1458 1608 1534 poterat
1665 1452 1977 1517 invenire
2026 1469 2312 1516 causam

394 1550 589 1634 juste
624 1552 773 1617 sive
801 1552 1083 1636 injuste,
1118 1553 1191 1616 in
1229 1551 1735 1617 Nol-manniam
1765 1551 2266 1619 transfretavit.

684 1725 785 1788 De
798 1725 1141 1808 'afflictione
1168 1725 1397 1789 misera
1415 1725 1614 1812 yemis
1639 1724 2007 1812 Anylorum.

499 1847 714 1914 Anno
757 1851 1045 1914 Domini
1092 1867 1441 1914 MLxxxv.
1479 1869 1638 1914 cum
1676 1850 1825 1934 jam
1872 1849 2156 1914 Domini
2189 1869 2311 1915 vo-
2333 1868 2578 1910 A.n.1oas.

399 1950 743 2013 luntatem
816 1971 1025 2034 super
1096 1949 1487 2032 Anglorum
1559 1957 1836 2040 gentem
1920 1948 2308 2014 Normanni
2331 1920 2541 2020 ἓιιῗὲῗιῗιῖι.

402 2050 959 2133 complevissent,
1018 2070 1145 2114 nec
1196 2051 1321 2114 vix
1374 2050 1626 2133 aliquis
1675 2051 1996 2132 princeps
2047 2051 2132 2114 de
2186 2070 2307 2132 ge-

404 2170 570 2214 nere
612 2149 1001 2232 Anglorum
1054 2157 1447 2233 superesset
1506 2151 1588 2214 in
1643 2169 1880 2232 regno,
1934 2170 2308 2234 omnesque

386 2251 470 2321 ‚in
501 2270 866 2316 moerorem
902 2259 973 2316 et
1012 2251 1418 2315 servitutem
1459 2249 1723 2314 redacti
1755 2250 2070 2328 fuissent,
2098 2251 2200 2314 ita
2232 2259 2308 2316 ut

402 2349 779 2432 Anglicum
831 2351 1068 2417 vocari
1113 2350 1295 2415 foret
1344 2351 1739 2433 opprobrio,
1789 2350 2309 2434 pullulaverunt

396 2450 470 2514 in
510 2451 772 2534 Anglia
812 2452 1091 2516 telonia*
1109 2452 1349 2536 iniqua
1392 2460 1463 2515 et
1506 2450 2042 2516 consuetudines
2083 2452 2305 2534 pessi-

399 2572 555 2629 mae,
604 2560 677 2615 et
718 2560 980 2635 quanto
1032 2553 1255 2634 magis
1303 2553 1652 2635 principes
1700 2552 2165 2635 loquebantur
2219 2553 2304 2615 de

401 2660 592 2717 recto
629 2660 701 2716 et
735 2653 1041 2737 justitia,
1084 2660 1284 2717 tanto
1326 2653 1553 2737 major
1584 2652 1794 2715 fiebat
1837 2652 2137 2736 injuria3
2185 2653 2304 2735 qui

391 2752 768 2836 justiciarii
814 2755 1269 2830 vocabantur,
1328 2754 1550 2817 omnis
1602 2752 1964 2837 injustitiae
2023 2751 2304 2816 fuerunt

401 2861 775 2933 auctores3
836 2854 955 2937 qui
1014 2873 1291 2917 cervum
1356 2861 1636 2935 caperet
1702 2852 1814 2917 vel
1879 2852 2302 2935 capreolum,

398 2954 584 3018 oculi
646 2955 1065 3018 eruebantur
1126 2954 1214 3030 ei,
1268 2973 1395 3017 nec
1447 2952 1580 3016 fuit
1632 2953 1751 3035 qui
1805 2958 2300 3032 murmuraret3

399 3055 685 3118 amabat
732 3054 916 3118 enim
963 3053 1150 3118 ferus
1198 3073 1325 3117 rex
1372 3052 1582 3130 feraS,
1628 3071 1710 3117 ac
1763 3054 1823 3117 si
1873 3062 2057 3117 esset
2103 3059 2305 3135 pater

399 3154 727 3217 ferarum.
845 3152 1170 3217 Nefando
1224 3172 1507 3236 prorsus
1561 3172 1731 3216 usus
1793 3151 2104 3228 consilio,
2172 3151 2304 3216 hoc

399 3256 564 3336 egit,
606 3261 688 3317 ut
736 3254 856 3316 ubi
906 3260 1067 3317 ante
1100 3253 1212 3317 vel
1260 3253 1562 3317 humana
1607 3258 1758 3315 erat
1801 3252 1875 3314 in
1904 3252 2090 3316 villis
2140 3271 2306 3315 con-

397 3354 730 3431 versatio,
774 3353 887 3417 vel
938 3353 1247 3417 ecclesiis
1290 3353 1529 3417 divina
1571 3351 1882 3417 fervebat
1924 3351 2303 3429 veneratio,

400 3474 586 3519 nunc
616 3454 714 3517 ibi
756 3453 943 3517 cervi
990 3459 1061 3517 et
1098 3474 1299 3518 omne
1334 3472 1553 3534 genus
1584 3452 1882 3516 ferarum
1911 3452 2305 3534 petulanter

398 3555 845 3633 discurrunt3
894 3553 1077 3616 unde
1128 3553 1496 3636 proverbio
1549 3553 1906 3629 asseritur,
1952 3551 2136 3635 quod
2180 3571 2306 3634 per

401 3654 695 3736 triginta
724 3659 796 3717 et
830 3673 911 3717 eo
952 3653 1248 3735 amplius
1293 3653 1615 3716 milliaria
1643 3661 1829 3716 terra
1860 3651 2193 3733 frugifera
2232 3652 2306 3713 in

404 3755 629 3819 saltus
676 3754 769 3817 sit
802 3753 1086 3818 redacta
1128 3760 1199 3816 et
1231 3753 1455 3817 lustra
1491 3752 1814 3817 ferarum.
1917 3750 2032 3815 Ad
2077 3758 2307 3815 castra

403 3874 681 3937 quoque
730 3852 1191 3917 construenda
1244 3874 1370 3917 rex
1426 3862 1898 3917 antecessores
1947 3870 2111 3915 suos
2161 3871 2306 3915 om-

400 3974 521 4019 nes
553 3955 954 4036 superabat.
1051 3952 1488 4017 Normannia
1521 3954 1656 4017 sibi
1686 3952 2124 4016 haereditario
2144 3950 2305 4036 jure

402 4062 844 4138 provenerat,
867 4053 1410 4141 cenomanniam
1430 4054 1640 4117 armis
1665 4052 2115 4135 adquisierat,
2148 4052 2306 4115 Bri-

407 4156 717 4219 tanniam
767 4151 1294 4218 Armoricanam
1344 4155 1675 4219 acclivem
1726 4153 1858 4217 sibi
1904 4151 2184 4229 fecerat,
2235 4152 2308 4215 in

408 4255 670 4338 Anglia
717 4255 907 4318 solus
948 4257 1309 4337 regnabat,
1340 4254 1648 4320 Scotiam
1682 4261 1753 4319 et
1783 4252 2114 4316 Walliam
2148 4253 2311 4316 sub-
