3108 5059
880 516 1152 565 nonas
1201 516 1751 566 msronmauu:
2132 499 2265 565 355

357 672 538 738 dixit
571 671 662 738 ad
696 693 956 758 regem,
999 681 1022 710 ‘
1050 675 1138 740 In
1165 673 1428 741 honore
1461 675 1599 740 Dei
1626 678 1753 740 v‘os
1782 675 2102 754 osculor,'
2134 697 2262 742 rex
2286 691 2533 733 amn-11⁷⁰·

357 775 642 840 recessit
694 775 786 839 ab
838 775 1078 840 osculo
1131 776 1332 859 quasi
1379 774 1939 842 conditionaliter
1984 776 2260 842 involu-

361 880 497 951 tus,
534 893 695 938 nam
734 895 860 940 rex
893 895 1166 958 semper
1202 877 1276 940 in
1306 875 1536 941 verbis
1572 875 2072 960 archiepiscopi
2102 897 2261 942 con·

358 973 718 1040 scientiam
779 974 1100 1042 habentis
1163 975 1605 1059 purissimam
1672 977 2013 1059 quasdam
2074 977 2261 1041 claua

358 1075 550 1138 sulas
588 1076 1030 1154 causabatur,
1061 1075 1408 1153 videlicet,
1449 1095 1633 1140 nunc
1679 1069 1732 1110 ¹‘
1762 1075 1963 1141 salvo
1999 1075 2260 1141 honore

363 1174 546 1250 Dei,'
591 1195 776 1240 nunc
809 1180 830 1210 ‘
859 1176 1056 1241 salvo
1095 1175 1336 1240 ordine
1377 1173 1579 1251 meo,'
1617 1194 1800 1240 nunc
1846 1181 1869 1210 ‘
1894 1176 2095 1242 salva
2128 1175 2262 1240 fide

358 1273 494 1340 Dei
521 1275 568 1355 ς’
623 1275 1181 1358 archiepiscopus
1225 1295 1392 1340 vero
1441 1275 1629 1358 regis
1668 1275 1977 1340 cautelas
2020 1275 2263 1340 habuit

355 1393 630 1458 semper
661 1382 1046 1458 suspectas,
1077 1396 1184 1453 ne,
1219 1375 1280 1439 si
1315 1375 1753 1440 concordiam
1782 1375 2100 1440 absolute
2131 1374 2263 1440 ini·

359 1482 490 1565 ret,
519 1474 794 1559 iniquas
828 1475 1109 1557 Angliae
1143 1475 1681 1540 consuetudines
1715 1476 1865 1558 regi
1890 1475 2262 1540 concedere

360 1573 728 1641 videretur.

398 1747 500 1814 De
529 1748 854 1814 concordia
867 1748 1060 1835 sacta
1091 1749 1255 1814 inter
1285 1769 1482 1836 royem
1516 1751 1600 1814 H
1596 1750 1871 1816 enricum
1899 1756 1956 1814 et
1984 1746 2239 1832 beatam,

598 1847 914 1929 Romam,
949 1847 1455 1916 Cantaarimm
1486 1849 2033 1936 archiepiscopum.

463 1965 988 2038 Convenerunt²
1013 1971 1266 2037 iterum
1297 1992 1424 2038 rex
1456 1973 1885 2039 Francorum
1912 1993 2070 2037 cum
2102 1992 2267 2055 rege
2290 1989 2550 2078 muffu-

361 2070 755 2154 Aug-lorum
787 2081 858 2138 et
886 2072 1266 2151 Willelmo,
1308 2073 1690 2139 Senonensi
1724 2073 2265 2156 archiepiscopo,
2288 2041 2524 2180 Ξῗιῗὶἒηῗ

363 2178 434 2236 et
475 2165 839 2255 ⁸episcopo
883 2172 1328 2252 Nivernensi,
1376 2174 1565 2256 apud
1606 2173 2215 2239 Fractam-vallem
2246 2195 2266 2252 ;
2328 2152 2375 2180 ⁶⁰
2452 2169 2464 2179 '

361 2291 516 2336 cum
563 2279 798 2338 autem
840 2292 970 2338 rex
1009 2280 1082 2338 et
1123 2272 1685 2357 archiepiscopus
1730 2274 1801 2338 in
1849 2281 2115 2357 partem
2158 2293 2271 2338 se·

363 2372 763 2450 cessissent,
796 2373 1042 2456 bisque
1079 2373 1595 2439 descendissent
1636 2382 1709 2441 et
1746 2375 1855 2439 bis
1892 2394 2107 2457 equos
2156 2393 2269 2438 as-

363 2472 782 2552 cendissent,
826 2473 936 2539 bis
979 2472 1300 2557 stapham
1345 2473 1842 2559 archiepiscopi
1888 2493 2014 2539 rex
2047 2473 2271 2539 tenuit

363 2593 520 2639 cum
566 2593 818 2656 equum
865 2574 1336 2653 ascendisset;
1382 2576 1502 2639 sed
1546 2576 1825 2641 tandem
1872 2574 2057 2657 apud
2098 2572 2267 2637 Am*

363 2672 664 2751 bazium,
708 2681 1121 2756 procurante
1175 2673 1516 2753 Rotrodo,
1557 2673 2112 2756 Rothomagensi
2155 2692 2267 2736 ar-

361 2774 825 2856 chiepiscopo,
854 2792 981 2838 rex
1009 2780 1082 2838 et
1115 2772 1447 2851 Thomas,
1483 2774 2041 2857 archiepiscopus
2082 2771 2269 2837 Can-

365 2873 762 2951 tuariensis,
811 2873 1250 2939 concordiam
1289 2874 1617 2951 inierunt,
1662 2882 1757 2951 et,
1808 2893 1979 2957 pace
2022 2873 2271 2938 confir·

364 2981 582 3051 mata,
611 2992 739 3037 rex
770 2973 1122 3039 Henricus
1156 2974 1434 3057 scripsit
1468 2973 1781 3039 Henrico
1816 2973 1959 3038 filio
1993 2992 2123 3037 suo
2152 2992 2272 3037 no-

365 3092 456 3139 vo
491 3072 642 3155 regi
676 3073 914 3139 literas
947 3074 1021 3137 in
1053 3073 1204 3139 haec
1232 3075 1486 3155 verba3
1534 3080 1554 3108 ‘
1576 3074 1827 3137 Sciatis
1866 3072 2053 3156 quod
2086 3072 2275 3136 Tho-

363 3193 543 3251 mas,
590 3173 1113 3239 cantuariensis
1171 3173 1754 3257 archiepiscopus,
1822 3191 2065 3256 pacem
2130 3190 2273 3235 me-

367 3293 528 3338 cum
556 3272 722 3339 fecit
751 3274 839 3339 ad
871 3275 1306 3341 voluntatem
1343 3294 1591 3350 meam,
1626 3280 1697 3337 et
1725 3272 1883 3337 ideo
1917 3270 2270 3354 praecipio,

368 3381 448 3439 ut
475 3374 629 3456 ipse
657 3381 729 3438 et
755 3394 995 3439 omnes
1025 3374 1134 3438 sui
1161 3392 1402 3457 pacem
1435 3374 1769 3452 habeant3
1808 3379 1879 3438 et
1909 3370 2180 3435 faciatis
2210 3371 2275 3435 ei

369 3473 627 3539 habere
655 3474 919 3552 et'suiS‚
945 3474 1064 3557 qui
1095 3494 1222 3556 pro
1255 3494 1340 3539 eo
1371 3474 1691 3539 exierunt
1712 3474 1801 3537 ab
1823 3470 2108 3553 Anglia,
2134 3490 2276 3535 om-

371 3594 494 3639 nes
532 3592 644 3638 res
682 3593 849 3639 suas
892 3575 1068 3641 bene
1105 3581 1176 3641 et
1219 3573 1294 3639 in
1331 3593 1505 3657 pace
1549 3581 1622 3639 et
1664 3571 2061 3647 honorifice,
2096 3570 2278 3634 sicut

370 3674 762 3739 habuerunt
813 3674 1034 3739 tribus
1087 3674 1438 3739 mensibus
1494 3681 1868 3756 antequam
1922 3671 2146 3735 exiret
2189 3669 2281 3733 ab

372 3762 671 3856 Angliass
709 3781 782 3838 et
809 3761 1082 3839 faciatis
1117 3773 1351 3839 venire
1381 3793 1616 3838 coram
1647 3772 1843 3837 vobis
1872 3771 1957 3834 de
1985 3767 2280 3833 meliori-

371 3874 502 3938 bus
537 3881 609 3937 et
641 3874 1148 3967 antiquioribus
1180 3872 1512 3939 militibus
1543 3874 1629 3937 de
1661 3872 1921 3936 honore
1952 3869 2038 3933 de
2072 3861 2283 3933 *Salt-

448 4050 464 4082 ¹
486 4052 683 4115 Salva]
719 4052 966 4115 Compare
1002 4051 1304 4115 Quadsilog.
1353 4051 1681 4101 instructions
1704 4050 1852 4113 given
1874 4048 2009 4097 them
2030 4047 2099 4107 by
2119 4045 2284 4095 Beck-

373 4136 463 4185 1²1>-
483 4126 570 4184 95,
595 4126 710 4171 1⁰1.
1357 4126 1427 4183 et,
1459 4121 1513 4169 in
1547 4134 1582 4169 a
1612 4121 1761 4170 letter
1786 4118 1985 4167 written
2017 4119 2086 4179 by
2108 4116 2209 4164 him
2233 4116 2286 4163 to

443 4189 468 4219 ²
485 4194 840 4242 Convenerunt.
875 4191 900 4255 ]
958 4192 1165 4256 Diceto,
1212 4193 1309 4244 col.
1359 4192 1444 4241 the
1487 4190 1671 4252 bishop
1710 4188 1769 4238 of
1808 4189 2005 4237 Nevers
2052 4186 2215 4235 under
2255 4200 2288 4233 a

371 4267 491 4313 552.
1361 4262 1565 4323 feigned
1586 4273 1762 4318 name;
1796 4259 1887 4309 lib.
1909 4274 1961 4308 v.
1984 4272 2068 4318 ep.
2090 4256 2183 4305 xii.

447 4330 721 4397 ‘'Episcopo
741 4328 1085 4401 mumma]
1110 4333 1206 4383 See
1230 4333 1314 4383 the
1429 4328 1448 4360 ⁴
1469 4329 1759 4393 Saltwode]
1792 4330 1808 4358 ‘
1825 4322 2083 4389 Saltwde,’
2106 4326 2167 4375 C.

1940 4417 1972 4463 2
1995 4426 2026 4460 Α
2046 4416 2080 4461 2
