3108 5059
919 498 1195 546 nonus
1242 497 1783 549 ms‘romARUM.
2181 477 2311 552 103

373 673 602 740 pans,
624 665 747 724 aut
763 659 1024 725 intrare
1045 661 1358 726 volentes
1387 661 1639 744 gladiis
1660 661 2057 740 obtruncat,
2078 669 2205 726 aut-
2232 664 2306 728 in
2333 683 2445 724 Λα).
2464 685 2577 726 ιορο.

367 759 745 844 principes
786 759 947 826 illos
987 763 1432 846 insequentes
1471 761 1694 826 redire
1736 761 2081 844 perituros
2114 781 2303 828 com·
2327 733 2636 828 {iffi-ge..

367 857 634 943 pellit;
691 861 792 926 sic
825 881 994 944 ergo
1025 881 1183 927 cum
1215 883 1344 928 nec
1373 862 1484 928 bic
1529 881 1657 927 nec
1702 862 1869 926 alibi
1909 863 2300 946 principum

366 961 722 1043 impetus,
765 981 1110 1027 armorum
1155 963 1586 1042 instantiam,
1618 962 1937 1046 ictusque
1972 965 2305 1047 importa-

367 1060 568 1126 biles
623 1061 966 1128 sustinere
1012 1063 1274 1130 diutius
1328 1065 1659 1142 valerent,
1721 1063 1969 1128 salutis
2020 1065 2313 1131 unicum·

365 1162 772 1228 remedium
799 1163 972 1246 fuga
1003 1172 1176 1244 erat,
1211 1184 1349 1248 quo
1379 1163 1697 1231 frustrati
1740 1163 2015 1246 penitus
2050 1164 2303 1246 gladiis

365 1264 656 1345 passim
705 1265 1067 1329 caeduntur
1123 1272 1196 1330 et
1257 1271 1573 1348 pereunt.
1676 1261 2003 1329 Axianus
2066 1272 2301 1330 autem

363 1364 726 1448 populum
789 1384 991 1429 suum
1053 1366 1328 1448 penitus
1390 1364 1679 1429 deficere
1749 1363 1991 1434 videns
2061 1373 2301 1447 portas

363 1464 709 1548 praecipit
769 1466 898 1528 sub
960 1465 1147 1529 omni
1205 1464 1561 1531 celeritate
1614 1460 1888 1548 aperiri,
1936 1469 2017 1528 ut
2062 1484 2300 1530 eorum

363 1565 644 1630 saltem
685 1563 1015 1649 reliquias
1058 1566 1188 1630 sub
1241 1572 1397 1630 tuto
1450 1566 1880 1648 permitteret
1930 1558 2295 1649 collocari3

363 1672 702 1731 reserato
748 1665 966 1749 igitur
1013 1667 1230 1745 aditu,
1276 1671 1480 1731 tanta
1529 1684 1740 1749 super
1788 1672 2072 1748 pontem
2116 1661 2299 1750 fugi-

362 1767 653 1832 entium
708 1767 1129 1850 conglobata
1191 1773 1300 1835 est
1351 1766 1581 1844 turba,
1644 1772 2017 1848 tantusque
2068 1765 2305 1830 factus*

363 1867 758 1945 tumultus,
791 1875 871 1932 ut
900 1887 975 1932 se
1004 1868 1302 1933 invicem
1342 1867 1873 1950 comprimentes
1900 1866 1972 1929 in
2006 1865 2295 1931 fluvium

362 1967 944 2051 praecipitaretur
993 1985 1229 2033 eorum
1290 1986 1620 2037 numerus
1684 1966 2018 2030 infinitus.
2124 1966 2294 2031 Dux

360 2086 669 2152 quoque
715 2067 1160 2147 Godefridus,
1213 2074 1586 2152 postquam
1638 2067 1713 2131 in
1781 2065 1911 2130 hoc
1966 2059 2293 2131 conflictu

359 2167 768 2233 multorum
809 2170 1044 2252 capita
1079 2170 1540 2262 loricatorum
1598 2167 1749 2231 sine
1807 2167 1985 2232 ictus
2039 2166 2303 2250 nepeti-·

359 2271 579 2335 tione
613 2269 823 2334 solita
851 2269 1068 2334 fultus
1103 2270 1362 2341 virtute
1396 2274 1909 2355 amputaverat,
1950 2283 2165 2331 unum
2200 2287 2299 2332 ex·

360 2370 644 2435 Turcis
713 2371 784 2434 in
862 2379 1140 2436 nostros
1212 2369 1605 2454 protervius
1664 2367 2063 2445 instantem,
2127 2367 2299 2434 licet

357 2470 606 2538 lorica
645 2470 986 2552 indutum,
1029 2491 1156 2557 per
1198 2470 1500 2537 medium
1543 2484 1700 2535 cum
1746 2467 1981 2552 gladio
2025 2464 2291 2547 divisit,

356 2574 476 2639 ita
510 2580 597 2637 ut
635 2592 798 2655 pars
831 2574 922 2638 ab
953 2573 1280 2638 umbilico
1313 2571 1629 2655 superior
1676 2570 1764 2635 ad
1800 2576 2055 2635 terram
2085 2566 2298 2635 cade-²

355 2682 508 2752 ret,
575 2674 850 2757 reliqua
898 2682 1098 2757 parte
1143 2690 1354 2757 super
1414 2689 1693 2754 equum,
1740 2670 1851 2734 cui
1917 2667 2289 2748 insederat,
2370 2682 2377 2687 ·

354 2776 568 2840 intra
611 2775 851 2839 urbem
881 2793 1088 2840 cursu
1133 2771 1376 2857 rapido
1415 2772 1854 2849 introducta3
1910 2786 2130 2853 equus
2165 2786 2292 2834 au-

355 2883 522 2941 tem
569 2873 950 2939 hinniendo
1003 2874 1187 2940 inter
1229 2874 1498 2939 Turcos
1542 2872 1677 2936 huc
1720 2870 2049 2953 illucque,
2094 2887 2175 2933 ac
2225 2871 2296 2935 si-

353 2974 729 3041 diabolioa
755 2982 938 3040 esset
967 2976 1284 3042 invectus
1315 2974 1520 3052 furia,
1545 2972 1962 3049 discurrens,
1997 2971 2291 3035 sessoris
2376 3046 2383 3051 ,

356 3094 640 3161 corpus
676 3077 764 3141 ab
803 3076 1129 3142 umbilico
1178 3073 1501 3159 deorsum
1559 3090 1831 3157 gerenS,
1888 3087 2125 3135 omnes
2168 3072 2289 3153 qui

351 3177 709 3243 viderunt
735 3176 925 3242 illius
954 3178 1055 3242 rei
1088 3174 1460 3260 perterruit
1487 3174 1821 3267 novitate.
1878 3170 2049 3234 Dux
2081 3168 2289 3233 etiam

358 3276 952 3355 Normannorum
1001 3275 1378 3355 RobertuS,
1421 3274 1635 3340 alium
1679 3273 1813 3337 sibi
1844 3271 2047 3335 nimis
2077 3269 2289 3333 insen-⁶

352 3388 524 3446 tum
577 3380 657 3443 in
713 3378 944 3462 capite
999 3378 1416 3463 percutiens,
1477 3373 1751 3459 galeam
1811 3378 1885 3436 et
1944 3371 2262 3455 clypeum
2267 3411 2290 3448 5

353 3487 619 3565 caput,
658 3478 900 3544 dentes
947 3484 1018 3544 et
1061 3478 1339 3556 collum,
1389 3484 1470 3542 ut
1521 3475 1702 3539 solet
1746 3472 2022 3538 ovicula
2060 3490 2107 3535 a
2138 3488 2290 3535 car-

355 3581 610 3659 nifice,
656 3596 882 3665 usque
937 3580 1011 3643 in
1079 3586 1324 3664 pectus
1391 3577 1713 3641 deorsum
1778 3568 2074 3651 diffidit3
2148 3590 2290 3655 quo

355 3690 628 3749 ruente
671 3682 745 3745 in
795 3688 1075 3758 terram,
1124 3681 1225 3745 ait
1268 3676 1646 3754 RobertuS,
1706 3682 1727 3709 ‘
1750 3673 2091 3739 Omnibus
2148 3679 2291 3735 tar-

355 3782 594 3849 tureis
659 3782 990 3847 ministris
1058 3779 1359 3865 animam
1417 3784 1612 3841 tuam
1672 3780 2027 3839 cruentam
2104 3790 2291 3837 com-

355 3881 678 3950 mendo?
781 3879 1198 3948 Ceciderunt
1231 3894 1508 3963 quoque
1540 3876 1667 3941 illa
1700 3874 1815 3940 die
1844 3892 1935 3937 ex
1973 3870 2293 3936 hostibus

359 3983 584 4071 quasi
617 3982 706 4049 ad
730 3982 869 4050 duo
897 3982 1118 4047 millia
1148 3976 1560 4056 'rm-corum,
1584 3983 1679 4054 et,
1708 3975 1842 4039 nisi
1870 3990 2014 4038 nox
2047 3991 2288 4056 snper-

357 4086 668 4152 veniens
707 4081 964 4149 bellum
1006 4082 1504 4166 dirempsisset,
1551 4077 1758 4141 finem
1793 4073 2035 4159 procul
2077 4072 2291 4137 dubio

357 4188 503 4253 illa
535 4187 652 4253 die
680 4183 1195 4251 Antiochenam
1230 4181 1587 4265 negotium
1615 4176 1995 4246 habuisset.
2082 4172 2290 4239 Com-

360 4294 655 4373 pei-tum
695 4294 804 4352 est
838 4283 1132 4379 fideliter
1174 4303 1220 4348 a
1266 4282 1521 4347 nostris
1569 4299 1694 4365 per
1744 4275 2061 4361 captivos
2109 4273 2289 4338 Tur-
