3108 5059
762 448 894 512 350
1282 462 1552 509 nocam
1604 461 1697 506 nn
1742 459 2161 509 wannovmt

441 639 554 678 nn.
575 638 691 680 11⁷⁰.
768 621 888 686 sed
930 621 1040 684 die
1080 620 1312 696 tertio,
1341 639 1497 684 cum
1532 617 1759 681 adhuc
1790 625 1977 680 esset
2010 617 2081 679 in
2111 615 2485 698 lachrymis
2515 622 2679 679 ante

442 688 668 780 fflffim
769 723 990 786 altare
1027 720 1507 804 procumbenS,
1537 719 1714 782 vidit
1745 717 2046 800 puellam
2094 717 2183 779 ad
2230 716 2449 780 altare
2485 717 2678 779 veni-

768 830 1021 900 entem,
1075 828 1170 899 et,
1204 821 1470 885 vocatis
1531 839 1687 883 cum
1748 817 2193 882 festinatione
2251 817 2681 900 parentibuS,

770 922 1067 987 reddidit
1111 922 1210 986 eis
1264 919 1570 1004 puellam
1618 917 2056 995 incolumem,
2090 917 2490 1002 jurantibus
2540 916 2681 979 illis

769 1024 987 1106 priuS,
1019 1021 1204 1105 quod
1243 1017 1580 1086 secretum
1623 1020 1780 1096 hoc,
1815 1017 1981 1081 dum
2010 1017 2355 1082 Godricus
2388 1019 2680 1095 viveret,

771 1123 1027 1188 nemini
1055 1121 1469 1187 revelarent.
1518 1119 1684 1185 Alio
1716 1138 1995 1202 quoque
2026 1126 2335 1202 tempore
2368 1120 2517 1182 viro
2542 1117 2681 1184 Dei

771 1242 1061 1307 puerum
1121 1229 1468 1287 mortuum
1541 1240 1585 1284 a
1648 1219 2056 1304 parentibus
2120 1219 2302 1283 clam
2370 1219 2679 1283 oblatum

763 1323 979 1407 jussit
1041 1343 1251 1406 super
1311 1322 1534 1414 altare
1596 1321 1671 1385 in
1734 1320 2039 1384 oratorio
2095 1320 2319 1384 beatae
2386 1319 2677 1401 virginis

772 1443 1053 1506 ponere,
1099 1430 1170 1487 et
1212 1430 1536 1505 parentes
1588 1420 1958 1485 consolans
2004 1419 2516 1504 lachrymantes
2557 1419 2681 1496 ait,

773 1529 794 1557 ‘
829 1523 941 1588 Ne
973 1523 1280 1607 putetiS,'
1311 1522 1563 1605 inquit,
1596 1527 1617 1556 ‘
1646 1541 1934 1605 puerum
1969 1540 2122 1584 esse
2151 1526 2523 1597 mortuum,
2555 1520 2678 1583 sed

775 1644 1042 1688 mecum
1073 1623 1276 1686 flexis
1310 1623 1601 1705 genibus
1636 1621 1939 1686 divinam
1972 1640 2099 1704 pro
2132 1640 2347 1704 puero
2382 1619 2683 1684 clemen-

775 1725 944 1789 tiam
978 1723 1315 1789 exorate.'
1420 1722 1756 1787 Oratione
1798 1721 2016 1803 igitur
2074 1721 2442 1805 completa,
2497 1739 2681 1802 prae-

775 1824 958 1907 cepit
1003 1831 1084 1888 ut
1143 1844 1299 1888 eum
1360 1823 1686 1888 tollerent
1742 1822 1827 1885 de
1878 1821 2110 1900 altari,
2158 1830 2230 1886 et
2278 1821 2683 1885 accedentes

776 1925 1125 1991 viventem
1186 1923 1542 2007 reperiunt
1604 1931 1677 1988 et
1721 1922 2106 2002 ridentem3
2176 1941 2479 2005 moxque
2523 1921 2683 1985 illos

775 2023 1232 2090 sacramentis
1260 2023 1703 2101 constrinxit,
1738 2042 1824 2087 ne
1855 2022 1987 2086 hoc
2027 2043 2204 2105 opus
2249 2029 2413 2087 ante
2462 2021 2682 2104 ipsius

777 2127 1041 2189 obitum
1073 2123 1542 2210 propalarent.

971 2298 1254 2379 Qualiter
1285 2297 1575 2362 monacho
1608 2299 1801 2362 vitam
1834 2299 1961 2382 ejus
1988 2297 2247 2363 scribere
2277 2299 2496 2363 volenti

1534 2398 1924 2483 responderit.

880 2523 1155 2590 Habuit
1207 2532 1440 2588 autem
1496 2523 1606 2589 vir
1653 2531 1938 2589 sanctus
1990 2524 2364 2590 monachos
2418 2525 2683 2590 Dunel-

779 2646 1050 2691 menses
1078 2625 1283 2690 valde
1316 2624 1716 2703 familiares,
1751 2626 1870 2690 sed
1914 2633 2147 2691 tamen
2176 2626 2359 2690 inter
2390 2635 2685 2691 caeteros

780 2726 1191 2792 monachum
1239 2726 1585 2808 quendam
1628 2726 1903 2791 nomine
1946 2720 2077 2791 ¹N.
2118 2727 2489 2809 specialius
2530 2726 2689 2791 dili-

781 2828 1014 2909 gebat.
1120 2826 1262 2890 Hic
1310 2832 1572 2904 autem,
1606 2846 1761 2891 cum
1817 2847 1861 2891 a
1900 2826 2139 2890 multis
2194 2835 2483 2909 rogatus
2519 2827 2687 2891 suis-

781 2933 913 3004 set,
955 2932 1034 2990 ut
1064 2927 1279 2990 vitam
1327 2934 1398 2991 ct
1438 2926 1733 2993 virtutes
1780 2928 2009 2993 sancti
2052 2926 2339 2993 Godrici
2384 2930 2685 3010 posteris

783 3026 1184 3110 profuturas
1239 3025 1458 3091 literis
1511 3028 2045 3106 commendaret,
2088 3029 2239 3110 ipse
2282 3048 2411 3111 pro
2453 3048 2685 3092 rerum

783 3128 1078 3193 veritate
1143 3126 1396 3191 certius
1465 3127 1879 3210 inquirenda
1952 3129 2249 3193 accessit
2306 3128 2395 3192 ad
2458 3130 2685 3193 virum

787 3228 946 3305 Dei,
978 3227 1218 3292 volens
1263 3228 1352 3291 ab
1403 3246 1510 3303 eo,
1560 3228 1728 3310 quid
1778 3229 2078 3293 scribere
2130 3229 2432 3305 deberet,
2481 3229 2685 3292 sami-

783 3328 1022 3394 liarius
1051 3327 1332 3393 erudiri.
1437 3327 1782 3393 Residens
1816 3336 2049 3394 autem
2084 3329 2167 3393 ad
2214 3330 2425 3413 pedes
2458 3332 2687 3395 sancti

785 3429 988 3501 dixit,
1021 3428 1208 3510 quod
1252 3426 1548 3493 libenter
1578 3430 1910 3494 scriberet
1939 3430 2155 3494 vitam
2197 3430 2419 3513 ipsius
2456 3430 2517 3495 si
2562 3450 2687 3495 an-

785 3534 1051 3605 nueret,
1107 3533 1502 3610 protestans
1561 3549 1769 3612 quam
1828 3531 1999 3594 utile
2052 3529 2225 3606 fore,
2282 3530 2346 3593 si
2402 3537 2683 3595 actuum

785 3630 936 3714 ejus
1005 3628 1256 3693 notitia
1325 3627 1413 3693 ad
1483 3637 1798 3711 posteros
1856 3630 2260 3709 deveniret3
2340 3629 2458 3695 ille
2518 3650 2685 3696 vero

785 3731 986 3812 quasi
1038 3737 1422 3797 commotus
1452 3729 1723 3795 vultum
1769 3738 2179 3797 convertens
2230 3731 2353 3808 ait,
2400 3738 2421 3767 ‘
2444 3732 2685 3797 Vitam

787 3828 1098 3908 Godrici,
1128 3829 1372 3908 amice,
1417 3829 1629 3895 talem
1666 3850 1818 3896 esse
1858 3850 2239 3915 cognoscas
2269 3853 2287 3913 3
2337 3831 2687 3897 Godricus

784 3931 1008 4011 primo
1071 3930 1372 3995 rusticus
1432 3930 1737 4013 pinguis,
1807 3931 2209 4009 fornicator,
2268 3932 2690 4011 immunduS,

857 4134 874 4167 ¹
899 4138 998 4202 N.]
1034 4139 1294 4202 Probably
1311 4156 1375 4189 an
1397 4156 1534 4191 error
1553 4142 1613 4191 cf
1628 4142 1713 4191 the
1767 4141 2013 4193 collected
2058 4144 2145 4192 the
2188 4146 2447 4193 materials
2490 4146 2569 4195 for
2610 4147 2694 4197 his

783 4210 1091 4258 transcriber
1119 4210 1196 4259 for
1218 4212 1232 4237 ‘
1254 4207 1331 4259 R?
1359 4227 1417 4260 or
1441 4212 1714 4276 Reginald,
1766 4212 1872 4262 lise.
1944 4213 2041 4263 See
2080 4214 2344 4276 prologue,
2370 4216 2425 4263 in
2450 4216 2569 4267 Act.
2599 4218 2693 4269 SS.

783 4280 910 4327 from
932 4279 1096 4328 whom
1133 4282 1436 4343 principally
1471 4282 1713 4346 Geofl'rey
1765 4300 1817 4344 p.
1838 4287 1920 4332 70.
