3108 5059
852 456 991 523 396
1368 472 1638 523 nocam
1685 472 1782 521 nn
1825 472 2248 523 wannovnu

539 645 647 687 Α».
670 648 783 689 ¹¹⁷⁸.
860 650 1096 697 arcere
1124 649 1263 696 non
1298 637 1599 714 poterat,
1641 629 1824 695 unde
1865 630 2131 714 placuit
2173 629 2438 708 abbati,
2474 636 2555 694 ut
2584 649 2772 694 mar-

531 696 829 799 2333&ss
863 738 1053 817 tyres
1096 731 1321 795 sancti
1362 731 1435 795 in
1480 731 1670 795 beati
1694 728 1956 795 Albani
1997 730 2356 795 basilicam
2401 736 2767 814 portaren-

864 839 1002 909 tur,
1028 831 1151 895 ubi
1186 830 1506 897 custodia
1551 829 1955 913 diligentior
1996 834 2068 895 et
2095 832 2432 896 securitas
2467 829 2770 914 amplior

860 938 1140 1015 poterat
1182 930 1519 995 adhiberi.
1621 928 1813 1009 Quid
1857 931 2080 995 multa
2099 932 2130 995 ‘t
2235 930 2576 995 Redeunt
2608 940 2770 994 cum·

860 1032 1115 1097 abbate
1157 1031 1409 1095 fratres
1452 1030 1830 1113 separatim
1873 1038 2272 1095 sanctorum
2317 1050 2612 1113 corpora
2647 1029 2766 1094 de-

858 1131 1184 1197 ferentes.
1289 1129 1618 1195 Procedit
1647 1130 2068 1214 martyribus
2101 1132 2380 1196 obviam
2419 1150 2576 1195 cum
2605 1149 2766 1213 pro-

862 1232 1175 1297 cessione
1230 1237 1640 1308 conventus,
1682 1248 1936 1313 corpus
1986 1249 2218 1295 secum
2265 1232 2454 1295 beati
2501 1230 2764 1295 Albani

862 1333 1189 1415 martyris
1235 1331 1710 1415 deportantes,
1753 1331 1940 1413 quod
1985 1350 2145 1397 cum
2193 1331 2562 1414 aliquoties
2593 1350 2764 1395 con·

862 1433 1193 1510 moverit,
1246 1438 1453 1515 prout
1496 1431 1650 1515 ejus
1703 1432 2176 1515 portatoribus
2230 1437 2530 1508 constat,
2587 1432 2764 1495 satis

862 1532 1167 1597 existere
1208 1531 1697 1613 ponderosum,
1741 1538 2008 1595 tantam
2053 1531 2163 1595 sui
2205 1531 2615 1595 facilitatem
2639 1531 2764 1595 illa

864 1630 1035 1697 hora
1084 1631 1425 1708 exhibuit,
1476 1638 1558 1696 ut
1600 1631 1838 1696 volare
1897 1630 2132 1715 potius
2187 1649 2398 1714 quam
2457 1630 2762 1695 humeris

863 1731 1231 1797 ferentium
1288 1731 1686 1796 incumbere
1747 1730 2151 1811 videretur3
2225 1731 2528 1797 occurrit
2593 1752 2762 1814 ergo

864 1838 1130 1916 martyr
1174 1830 1622 1915 martyribuS,
1665 1831 2002 1914 magistro
2051 1831 2455 1915 discipulus,
2506 1838 2578 1896 et
2611 1832 2766 1916 jam

862 1931 1096 2014 palam
1137 1932 1552 2014 magistrum
1593 1932 1854 2015 recepit
1886 1939 2372 2010 revertentem,
2407 1951 2608 2014 quem
2638 1932 2766 1996 ha·

862 2033 1071 2097 bebat
1113 2032 1279 2097 olim
1324 2031 1504 2095 clam
1554 2030 1716 2095 fidei
1756 2031 2110 2096 doctorem
2155 2030 2232 2095 in
2273 2033 2556 2114 tugurio
2600 2032 2766 2097 lati-

863 2138 1151 2197 tantem.
1241 2116 1379 2195 Sed
1417 2131 1852 2209 miraculum,
1886 2131 2072 2214 quod
2113 2131 2186 2194 in
2215 2131 2574 2196 elementis
2617 2132 2764 2196 suis

865 2231 1211 2295 Dominus
1243 2232 1606 2296 ostendere
1657 2231 1985 2314 dignatus
2027 2238 2137 2297 est
2185 2251 2344 2296 cum
2370 2220 2762 2297 'obviantes

862 2350 938 2395 se
999 2332 1320 2414 primitus
1376 2330 1688 2414 reliquiae
1746 2332 2009 2414 pariter
2069 2339 2567 2410 convenerunt,
2623 2352 2764 2397 non

864 2430 1069 2497 debet
1121 2432 1250 2497 sub
1292 2431 1572 2496 silentio
1613 2432 1996 2515 praeteriri3
2054 2450 2212 2496 cum
2256 2432 2436 2495 enim
2484 2433 2764 2497 siccitas

866 2533 1229 2616 prolixior,
1263 2533 1533 2598 exustis
1569 2533 1798 2598 herbis
1827 2540 1898 2597 et
1927 2532 2288 2610 fructibuS,
2314 2532 2576 2598 diutius
2611 2553 2762 2617 per-

864 2633 1184 2698 durasset
1220 2639 1292 2697 et
1336 2633 1678 2715 agricolas
1721 2633 2128 2716 desperatos
2177 2633 2614 2712 reddidisset,
2649 2654 2765 2699 eo-

862 2733 1019 2797 dem
1052 2740 1424 2812 momento‚
1456 2753 1614 2797 cum
1638 2734 1711 2798 in
1740 2752 1899 2797 aere
1930 2752 2056 2797 nec
2086 2733 2370 2798 minima
2396 2737 2766 2818 appareret

864 2833 1231 2912 nubecula,
1260 2840 1460 2898 tanta
1487 2833 1878 2917 pluviarum
1911 2833 2273 2899 inundatio
2305 2835 2647 2917 prorupit,
2679 2843 2764 2916 ut

864 2941 935 2998 et
968 2933 1246 3016 copiose
1274 2933 1770 2998 descendentes
1805 2932 2060 2997 imbres
2098 2940 2354 2998 terram
2385 2935 2765 3001 irrorarent

863 3040 936 3098 et
964 3035 1349 3117 desperatae
1380 3035 1625 3098 messis
1653 3053 1846 3116 spem
1880 3033 2363 3117 promitterent
2399 3035 2762 3102 laetiorem.

867 3133 1207 3200 Inventus
1236 3141 1344 3198 est
1373 3142 1604 3199 autem
1636 3133 1982 3218 pretiosus
2009 3141 2276 3220 martyr
2305 3132 2764 3223 Amphibalus

864 3236 1021 3300 'cum
1053 3235 1257 3299 sociis
1292 3235 1461 3312 suis,
1506 3242 1578 3299 et
1605 3235 1677 3298 in
1708 3233 2070 3298 ecclesiam
2096 3233 2284 3299 beati
2313 3234 2573 3300 Albani
2604 3247 2761 3300 cum

864 3335 1153 3400 canticis
1207 3341 1279 3399 et
1316 3335 1599 3399 laudum
1650 3334 2014 3418 praeconiis
2065 3334 2440 3399 solenniter
2488 3334 2763 3400 delatus

864 3443 996 3514 est,
1040 3433 1224 3500 anno
1267 3454 1312 3499 a
1349 3436 1670 3518 passione
1717 3453 1848 3498 sua
1895 3435 2470 3516 octingentesimo
2518 3442 2763 3500 octua-

864 3536 1130 3618 gesimo
1162 3541 1391 3612 sexto,
1430 3535 1518 3599 ab
1563 3535 2040 3601 incarnatione
2071 3535 2354 3599 Domini
2395 3533 2762 3601 millesimo

862 3634 1240 3702 centesimo
1272 3635 1786 3718 septuagesimo
1810 3635 2130 3718 septimo,
2157 3635 2270 3700 die
2291 3635 2589 3713 sabbati,
2609 3654 2764 3720 sep-

863 3737 1033 3802 timo
1068 3735 1403 3801 kalendas
1434 3735 1481 3800 J
1486 3735 1637 3800 ulii.
1741 3734 1828 3799 In
1858 3735 2232 3821 praesentia
2271 3742 2501 3800 autem
2555 3754 2763 3802 sauc-

864 3846 1091 3901 tarum
1135 3835 1580 3919 reliquiarum
1623 3835 1868 3917 ipsiuS,
1911 3854 2180 3899 necnon
2227 3843 2300 3901 et
2343 3835 2418 3900 in
2458 3834 2615 3901 loco
2653 3856 2763 3902 se-

862 3939 1165 4019 pulturae
1192 3936 1368 4020 ejuS,
1399 3935 1488 3999 ad
1514 3935 1788 4000 laudem
1824 3935 1960 3999 Dei
1989 3943 2060 3998 et
2093 3935 2384 4017 gloriam
2410 3939 2763 4020 martyris,

863 4055 911 4099 a
958 4037 1249 4100 diversis
1291 4035 1810 4100 infirmitatibus
1851 4043 2190 4100 sanantur
2232 4037 2503 4119 aegroti,
2553 4055 2763 4102 mem-

862 4136 989 4198 bra
1054 4134 1443 4218 paralytica
1496 4135 1905 4213 solidantur,
1954 4142 2302 4200 mutorum
2349 4155 2474 4200 ora
2529 4137 2635 4201 ad·
2663 4137 2767 4202 lo-

861 4235 1209 4320 quendum
1253 4235 1610 4314 laxantur,
1655 4236 1858 4302 caecis
1904 4235 2229 4301 tribuitur
2277 4233 2492 4316 visuS,
2537 4238 2766 4306 surdis
