3108 5059
913 485 1192 536 FhoRssS
1239 485 1780 536 fflsronmnuu.
2172 469 2304 536 32⁷

389 638 803 719 quiesceret,
849 642 1188 707 sanctitas
1220 649 1480 722 vestra,
1523 663 1683 726 quae
1730 644 1865 709 huc
1908 665 2129 727 usque
2174 665 2299 728 pa-
2318 664 2567 754 ἓὲὲὲὲιω.

391 738 646 802 tienter
699 742 1054 819 sustinuit,
1110 743 1402 808 ulterius
1445 744 1518 807 in
1566 744 1906 826 patientia
1952 747 2294 812 sustinere
2317 765 2537 804 orneoket

390 857 530 902 non
590 849 850 921 posset.
960 841 998 906 I
1002 861 1126 924 pse
1192 862 1362 908 vero
1426 843 1919 910 correctionem
1982 853 2291 910 nostram
2314 816 2401 856 ⁸¹²⁶
2416 816 2575 856 οἴω*

391 938 614 1003 multa
681 942 1064 1022 gratiarum
1138 943 1414 1008 actione
1479 944 1869 1026 suscipiens
1936 946 2290 1029 multaque

389 1038 602 1101 animi
643 1040 984 1106 modestia
1025 1049 1529 1125 consequenter
1571 1043 1661 1106 ad
1695 1043 1975 1126 singula
2004 1050 2290 1128 respon-

389 1137 530 1217 dit;
589 1139 663 1202 in
703 1140 943 1222 primis
977 1160 1320 1220 asserens,
1359 1149 1657 1207 mentem
1685 1163 1882 1208 suam
1913 1163 1958 1207 a
1983 1145 2183 1209 vobis
2210 1164 2287 1209 se

389 1237 788 1311 nullatenus
816 1241 1179 1318 avertisse,
1215 1261 1342 1306 nec
1371 1241 1448 1306 -id
1486 1261 1793 1326 unquam
1836 1243 2087 1307 mentis
2125 1264 2285 1326 pro·

389 1337 619 1418 posito
647 1341 1072 1423 concepisse,
1107 1342 1299 1422 quin,
1330 1341 1494 1406 dum
1540 1349 1903 1423 paternam
1946 1343 2078 1407 sibi
2122 1363 2284 1424 gra-

389 1437 558 1500 tiam
607 1437 1085 1519 exhibueritis,
1119 1461 1248 1506 vos
1279 1448 1360 1505 ut
1397 1447 1664 1524 patrem
1700 1441 1951 1526 diligat
1980 1450 2053 1507 et
2082 1462 2283 1507 sanc-

385 1544 533 1600 tam
597 1536 990 1604 Romanam
1051 1541 1411 1606 ecclesiam
1468 1548 1835 1606 veneretur
1895 1549 1969 1606 et
2026 1541 2286 1621 foveat,

389 1644 460 1700 et
485 1637 704 1701 sacris
733 1638 1168 1722 jussionibus
1199 1641 1476 1718 vestris,
1505 1641 1707 1706 salva
1734 1642 1867 1705 sibi
1897 1661 2025 1706 sua
2056 1643 2285 1724 regni-

389 1755 528 1818 que
585 1738 696 1802 sui
737 1737 1101 1821 dignitate,
1146 1740 1496 1804 humiliter
1532 1741 1962 1823 obtemperet
2008 1749 2080 1804 et
2122 1743 2280 1806 obe·

387 1835 533 1900 diat
565 1856 584 1916 3
652 1839 840 1920 quod
887 1838 950 1902 si
989 1859 1116 1905 vos
1150 1840 1301 1925 jam
1353 1839 1759 1924 aliquandiu
1798 1859 1938 1904 non
1980 1842 2289 1922 respexit

387 1936 598 2000 solita
649 1939 1060 2018 reverentia,
1097 1939 1278 2005 hanc
1317 1939 1525 2023 hujus
1573 1941 1673 2004 rei
1708 1959 1988 2004 causam
2036 1941 2287 2005 asserit

387 2055 560 2113 esse,
599 2038 804 2121 quod,
860 2057 1019 2103 cum
1048 2041 1248 2104 vobis
1285 2041 1362 2104 in
1403 2040 1819 2104 necessitate
1858 2046 2011 2103 toto
2056 2040 2287 2117 corde,

385 2143 538 2200 tota
581 2144 835 2217 mente,
875 2139 1044 2204 totis
1081 2139 1344 2205 viribus
1387 2138 1759 2217 adstiterit,
1798 2139 1931 2204 sibi
1976 2146 2285 2222 postmo-

385 2237 548 2300 dum
579 2237 653 2300 in
684 2239 1096 2305 necessitate
1132 2260 1258 2322 per
1299 2240 1584 2304 nuntios
1626 2239 2008 2305 recurrenti
2042 2239 2133 2304 ad
2163 2259 2288 2304 vos

383 2337 593 2419 digne
625 2356 753 2421 pro
785 2339 1049 2404 meritis
1077 2347 1316 2404 vestra
1347 2340 1685 2404 sanctitas
1716 2359 1855 2404 non
1905 2340 2287 2422 respondit,

382 2437 502 2500 sed
538 2437 610 2500 in
641 2439 830 2503 omni
872 2439 1016 2503 fere
1055 2440 1390 2523 petitione
1415 2457 1545 2504 sua
1579 2459 1655 2503 se
1686 2438 2033 2523 repulsam
2068 2439 2281 2503 susti-

379 2538 614 2602 nuisse
645 2540 1093 2622 conqueritur
1111 2548 1184 2605 et
1211 2541 1579 2605 erubescit.
1666 2540 1776 2604 De
1809 2547 2101 2623 paterna
2121 2558 2285 2603 con-

381 2638 548 2702 fisus
592 2640 849 2721 gratia,
888 2659 1046 2721 quae
1073 2640 1316 2717 filium,
1347 2659 1502 2704 cnm
1531 2640 1747 2733 volet,
1781 2638 2095 2715 exaudit,
2128 2638 2281 2702 vul-

380 2747 492 2802 tus
535 2756 827 2821 sperans
855 2747 926 2804 et
953 2747 1372 2823 exspectans
1401 2738 1729 2817 laetiores,
1762 2739 1835 2801 in
1868 2739 2055 2801 beati
2089 2737 2284 2802 Petri

379 2845 450 2902 et
479 2845 738 2917 vestra,
767 2846 848 2903 ut
880 2839 1140 2904 dic-tum
1186 2847 1319 2917 est,
1362 2838 1697 2904 fidelitate
1738 2837 2072 2903 immobili
2114 2857 2281 2902 con-

377 2938 642 3002 stantia
674 2947 1114 3021 perseverat;
1165 2939 1234 3003 id
1265 2946 1393 3016 est,
1429 2939 1621 3021 quod
1650 2939 2094 3003 sanctitatem
2131 2957 2285 3003 ves-

380 3047 560 3102 tram
593 3038 879 3103 visitare
924 3039 1269 3103 volentem
1305 3038 1567 3104 nullum
1606 3058 1892 3120 prorsus
1924 3037 2281 3121 impediet,

375 3139 497 3203 sed
533 3157 684 3216 nee,
719 3146 798 3203 ut
831 3140 1106 3215 asserit,
1145 3139 1480 3203 hactenus
1519 3138 1902 3219 impedivit.
1996 3131 2015 3169 ¹
2034 3136 2120 3200 In
2155 3155 2282 3218 ap-

376 3238 893 3321 pellationibuS,
921 3258 1008 3303 ex
1052 3238 1342 3321 antiqua
1377 3237 1574 3319 regni
1608 3238 1716 3301 sui
1761 3235 2283 3312 consuetudine,
2321 3224 2332 3233 ”

372 3339 443 3402 id
483 3338 619 3402 sibi
660 3339 734 3401 in
781 3339 884 3403 eis
922 3338 1246 3403 vendicat
1293 3346 1364 3403 et
1407 3336 1714 3415 honoriS,
1753 3344 1835 3401 ut
1872 3337 1962 3401 ob
2007 3335 2282 3401 civilem

375 3456 660 3503 causam
721 3437 954 3502 nullus
1013 3438 1419 3503 clericorum
1481 3437 1681 3521 regni
1741 3436 1875 3514 sui,
1928 3435 2061 3500 nisi
2108 3435 2283 3498 fines

375 3545 584 3602 exeat
607 3557 701 3601 an
732 3538 948 3621 ipsius
982 3539 1396 3603 auctoritate
1439 3545 1511 3602 et
1547 3536 1879 3603 mandato
1922 3535 2041 3620 jus
2081 3555 2281 3601 suum

372 3638 686 3703 obtinere
716 3645 929 3721 queat
957 3639 1150 3721 prius
1177 3636 1601 3722 experiendo
1632 3642 2011 3719 cognoscat
2041 3656 2059 3715 ;
2096 3634 2281 3718 quod

375 3739 434 3801 si
467 3757 598 3802 nec
641 3738 742 3802 sic
779 3738 1182 3816 obtinuerit,
1225 3736 1713 3802 excellentiam
1757 3743 2088 3812 vestram,
2130 3735 2283 3816 ipso

443 3932 458 3961 ¹
476 3934 542 3983 In
562 3927 1012 4000 appellationibus]
1047 3932 1156 3980 The
1194 3946 1308 3993 cor-¹
1353 3929 1528 3979 nullus
1562 3929 1858 3978 clericorum
1880 3926 2023 3990 regni
2047 3927 2130 3977 sui
2150 3928 2287 3990 ejus·

374 4009 492 4067 rupt
513 4016 733 4066 passage
752 4002 1013 4064 following
1035 4001 1219 4051 should
1241 4002 1303 4050 be
1354 4001 1469 4049 dem
1508 4000 1653 4062 regni
1699 4000 1823 4048 fines
1868 4002 2037 4058 exeat,
2071 3998 2171 4047 nisi
2214 4011 2283 4046 an

373 4076 496 4125 read
536 4074 693 4134 thus;
739 4074 755 4101 ‘
773 4072 835 4121 In
874 4072 1306 4134 appellationibus
1353 4072 1518 4133 ipsius
1541 4070 1841 4119 auctoritate
1862 4074 1917 4119 et
1935 4068 2173 4117 mandato
2195 4068 2287 4129 jus

374 4160 438 4193 ex
481 4145 696 4206 antiqua
739 4142 883 4205 regni
934 4143 1016 4192 sui
1063 4142 1307 4192 constitu·
1357 4156 1508 4190 suum
1529 4142 1755 4189 obtinere
1778 4145 1951 4201 queat,
1981 4137 2289 4199 experiendo

371 4216 506 4265 tione
538 4215 592 4264 id
633 4214 731 4263 sibi
761 4211 989 4261 vindicat
1021 4212 1225 4261 honoris
1257 4216 1308 4260 et
1357 4206 1676 4274 cognoscat?
1711 4211 1840 4258 inter
1861 4226 1982 4272 epp.
2005 4223 2057 4270 p.
2082 4212 2166 4257 60.

371 4286 560 4348 oneris,
617 4288 677 4333 ut
728 4284 793 4332 ob
850 4284 1051 4333 civilem
1099 4296 1306 4333 causam
