3108 5059
815 487 948 552 290
1339 493 1611 548 nouum
1657 494 1752 546 nn
1798 493 2211 546 wnNnovun

493 673 604 716 nn.
625 677 741 718 ιιοι.
817 658 986 724 tiam
1020 657 1358 738 eruditus,
1383 679 1426 724 a
1442 659 1789 737 Waltero,
1812 657 2128 723 Roffensi
2166 658 2516 740 episcopo,
2551 677 2719 722 con-

497 877 580 918 mu

597 877 750 918 vision.

815 766 1129 826 secratus
1161 767 1272 824 est
1316 760 1610 824 antistes
1654 759 2099 824 ExoniensiS.
2200 758 2313 822 De
2354 758 2487 822 hoc
2536 757 2719 822 Bar-

817 858 1186 925 tholomaeo
1219 859 1596 926 venerabili
1636 858 1788 924 viro
1832 859 2019 923 fama
2072 858 2284 923 refert
2332 858 2719 938 notissima,

818 959 1029 1044 quod,
1082 961 1248 1024 dum
1303 961 1514 1025 lucris
1571 961 1959 1024 animarum
2002 959 2297 1024 devotus
2354 957 2721 1024 intendens

817 1059 1218 1144 parochiam
1258 1061 1599 1136 visitaret,
1649 1061 1723 1123 in
1767 1059 1937 1124 villa
1994 1059 2296 1144 quadam
2344 1061 2720 1142 campestri

819 1179 976 1224 cum
1019 1161 1164 1224 suis
1214 1159 1482 1226 clericis
1531 1159 1993 1243 pernoctavit.
2098 1155 2467 1224 Dormiens
2502 1159 2723 1241 igitur

819 1261 908 1326 de
942 1268 1146 1325 nocte
1188 1260 1261 1324 in
1295 1261 1550 1325 solario
1584 1260 1908 1342 quodam,
1953 1259 2139 1342 quod
2180 1251 2489 1324 ecclesiae
2534 1245 2721 1324 v'illae

821 1381 907 1426 ac
929 1359 1323 1425 coemeterio
1345 1361 1773 1438 imminebat,
1790 1375 1947 1424 cum
1973 1360 2160 1423 circa
2174 1359 2399 1423 noetis
2418 1355 2721 1424 medium

821 1462 912 1526 ad
957 1468 1369 1525 nocturnam
1413 1460 1738 1547 synaxim
1789 1459 1945 1523 Deo
1996 1458 2525 1542 persolvendam
2570 1461 2720 1524 evi·
2816 1539 2827 1548 .

823 1561 1136 1644 gil-asset,
1185 1559 1442 1638 lumen,
1491 1557 1679 1642 qnod
1725 1577 1958 1624 coram
2008 1558 2133 1624 illo
2180 1559 2423 1624 ardere
2468 1576 2723 1624 consu-

823 1667 1085 1737 everat,
1131 1662 1515 1744 apparebat
1553 1660 2020 1738 exstinctum3
2071 1659 2438 1743 episcopus
2476 1669 2719 1724 antem

821 1750 1320 1825 cubicularium
1364 1751 1565 1826 suum
1607 1760 1917 1844 graviter
1958 1759 2362 1845 objurgans,
2414 1760 2602 1843 quod
2644 1761 2721 1825 in

822 1859 1126 1927 tenebris
1187 1861 1537 1938 dormiret,
1590 1861 1923 1944 praecepit
1978 1861 2059 1924 ut
2104 1861 2433 1925 velociter
2485 1861 2723 1924 lumen

819 1967 1166 2044 quaereret
1187 1963 1274 2025 et'
1289 1960 1597 2025 inferret.
1702 1959 1983 2024 Interea
2012 1979 2177 2025 vero
2203 1961 2523 2038 >antistes
2554 1961 2721 2024 dum

821 2061 1104 2125 luminis
1164 2061 1539 2126 adventum
1583 2059 1884 2141 vigilans
1932 2067 2395 2142 exspectaret,
2452 2061 2728 2125 audivit

822 2179 1030 2225 voces
1076 2160 1274 2243 quasi
1311 2161 1657 2225 infinitum
1692 2156 2300 2224 innumerabilium
2341 2160 2428 2224 de
2466 2179 2727 2224 coeme-

824 2260 1002 2323 terio
1044 2267 1379 2326 exeuntes
1421 2260 1903 2344 plangentium
1954 2268 2025 2324 et
2073 2260 2449 2324 dicentium
2498 2261 2725 2325 mania-

819 2359 1025 2437 feste,
1051 2365 1071 2395 ‘
1087 2359 1221 2425 Vae
1240 2361 1466 2438 nobiS,
1481 2377 1591 2426 voe
1618 2360 1819 2424 nobis
1839 2361 1861 2425 ἔ7
1906 2359 2083 2439 Quis
2101 2360 2349 2425 amodo
2374 2372 2503 2443 pro
2522 2361 2726 2426 nobis

819 2459 1052 2525 orabit
1085 2467 1157 2525 et
1181 2447 1655 2546 'eleemosynas
1683 2459 1905 2539 dabit,
1929 2461 2043 2524 vel
2070 2479 2199 2543 pro
2228 2467 2469 2524 'nost-ra
2493 2461 2726 2526 *salute

825 2562 1074 2625 missas
1131 2560 1508 2625 celebrabit
1523 2560 1579 2625 ‘l'
1679 2559 1993 2625 Audiens
2044 2568 2282 2625 ¹autem
2343 2560 2473 2625 iras
2515 2577 2727 2627 voces

823 2663 1193 2745 'episcopus
1257 2660 1617 2744 obstupuit
1662 2660 2127 2737 vehementer,
2185 2666 2399 2744 supi-‘a
2444 2662 2727 2727 modum

829 2762 995 2844 quid
1017 2761 1489 2844 significarent
1503 2761 1885 2825 admirans,
1948 2759 2433 2825 cubicularius
2449 2778 2730 2845 quoque

818 2861 982 2944 -ejus
1031 2862 1266 2926 lumen
1307 2862 1579 2926 interim
1617 2870 1960 2943 quael-em,
1993 2878 2157 2924 ‘cum
2194 2880 2419 2944 neque
2454 2861 2528 2925 in
2564 2860 2729 2927 aula

823 2978 1052 3044 neque
1074 2961 1148 3024 in
1164 2962 1464 3044 coquina
1483 2962 1717 3043 ignem
1738 2952 2133 3044 reperisset,
2154 2961 2377 3025 exivit
2395 2961 2469 3025 in
2485 2961 2727 3027 villam

826 3061 1106 3139 anxiuS,
1142 3068 1237 3139 et,
1267 3062 1502 3126 multis
1524 3061 1673 3145 jam
1698 3060 1969 3125 ³aedibus
1999 3061 2461 3143 perlustratis«,
2491 3062 2728 3127 lumen

822 3166 1149 3241 optatum
1205 3178 1348 3225 non
1399 3161 1669 3225 invenit
1684 3170 1715 3241 ῖς
1787 3160 2093 3238 tandem,
2148 3172 2306 3224 cum
2357 3163 2731 3244 quaerendo

830 3259 966 3324 huo
994 3260 1162 3325 illuc
1190 3261 1607 3344 quandoque
1642 3260 1760 3324 diu
1799 3260 2261 3336 discurrisset,
2291 3259 2468 3325 vidit
2494 3261 2731 3327 lumen

831 3360 1034 3443 quasi
1059 3361 1132 3423 in
1153 3361 1400 3424 ultima
1419 3359 1624 3424 domo
1646 3360 1859 3438 villae,
1881 3367 1953 3425 et
1966 3360 2139 3424 illuc
2169 3379 2245 3423 se
2266 3379 2428 3423 cum
2448 3360 2730 3426 festina-

831 3458 1021 3522 tione
1041 3460 1400 3523 conferens
1423 3460 1695 3525 ‘invenit
1714 3461 1787 3523 in
1803 3460 2008 3525 domo
2040 3460 2403 3544 cujusdam
2432 3461 2731 3526 hominis

829 3576 1080 3642 corpus
1109 3560 1454 3638 exanime,
1492 3567 1565 3624 et
1608 3581 1765 3625 cum
1812 3561 2217 3644 presbytero
2246 3560 2433 3625 villae
2467 3562 2726 3627 multos

829 3648 1192 3751 utriusque
1243 3678 1455 3724 sexus
1501 3660 1816 3725 homines
1861 3660 2391 3724 circumstantes
2453 3668 2525 3725 et
2583 3672 2729 3745 prae

831 3758 1068 3825 dolore
1126 3759 1436 3825 defuncti
1502 3760 1745 3825 fientes
1809 3768 1881 3825 et
1940 3760 2231 3843 capillos
2300 3760 2411 3824 sui
2480 3764 2731 3846 'capitis

828 3859 1310 3940 detrahentes3
1375 3868 1451 3926 at
1493 3860 1954 3924 cubicularius
2000 3860 2331 3943 episcopi,
2360 3880 2583 3944 super
2620 3863 2729 3927 his

828 3975 988 4041 ‘quae
1033 3960 1212 4023 vidit
1261 3974 1404 4025 non
1453 3960 1747 4024 multum
1797 3959 2161 4037 sollicituS,
2214 3959 2449 4024 lumen
2498 3964 2735 4044 posuit

829 4058 901 4120 in
933 4057 1204 4123 laterna
1233 4078 1386 4138 sua,
1416 4068 1487 4127 et
1519 4080 1676 4124 cum
1722 4060 2163 4125 festinatione
2202 4057 2291 4124 ad
2331 4061 2729 4146 episcopum

827 4170 1148 4222 reversus
1192 4180 1350 4242 quae
1393 4160 1524 4224 sibi
1558 4160 1967 4225 acciderant
2006 4180 2133 4243 per
2170 4161 2481 4225 ord-inem
2526 4181 2731 4227 enar—

827 4258 1031 4342 ravit.
1127 4258 1446 4326 Cantatis
1499 4261 1717 4345 igitur
1774 4260 2161 4338 matutiniS‚
2221 4270 2382 4325 'cum
2428 4264 2737 4329 crastina
