3108 5059
537 660 649 700 A-D.
670 659 785 701 109⁰.

538 711 716 760 History
733 712 783 751 of

863 467 994 534 146
1370 485 1643 533 nocam
1692 485 1787 532 DE
1836 485 2251 534 wmznovssn

863 641 1152 707 consilio
1215 651 1288 707 et
1343 643 1842 708 certificatione
1906 643 2045 708 Dei
2112 642 2299 725 regis
2372 638 2769 721 acciperent

532 761 838 802 mecm-0:101.
863 743 1181 819 electum,
1219 749 1299 806 ut
1327 744 1447 826 qui
1475 744 1690 808 tantis
1733 743 2101 808 sudoribus
2146 750 2217 806 et
2260 738 2585 824 periculis
2620 736 2767 800 hae-

863 841 1124 906 reditas
1159 841 1862 920 Christi‘salvaretur‚
1886 844 2191 926 juratur,
2220 848 2301 905 ut
2336 859 2538 922 quem
2571 837 2767 900 Deus

862 942 1173 1024 eligeret,
1214 961 1452 1006 omnes
1495 950 1917 1025 acceptasse.
1982 937 2000 974 ¹
2024 942 2333 1006 Traditis
2364 941 2579 1021 igitur
2610 956 2769 1000 cum

865 1042 964 1105 eis
992 1043 1254 1106 unicui
1289 1043 1672 1125 principum
1710 1045 1840 1106 sub
1879 1043 2158 1118 lumine,
2204 1048 2284 1104 ut
2328 1058 2530 1124 quem
2571 1039 2771 1101 Deus

865 1141 1151 1223 eligeret
1184 1162 1307 1226 per
1333 1143 1514 1206 cerei
1560 1144 2060 1220 accensionem,
2105 1143 2193 1206 ab
2237 1141 2553 1204 omnihus
2598 1155 2771 1200 sane

863 1261 992 1305 rex
1027 1242 1548 1306 acclamaretur.
1608 1242 1893 1306 Electus
1923 1237 1995 1306 et
2026 1241 2171 1305 dux
2205 1240 2276 1304 N
2281 1257 2771 1304 ormanuorum

867 1340 1218 1406 Robertus
1247 1361 1448 1406 suum
1477 1342 1591 1405 cui
1623 1361 1988 1406 accensum
2024 1342 2203 1405 clam
2236 1339 2654 1406 extinxisset
2700 1344 2771 1401 et

864 1441 1271 1506 electionem
1316 1441 1402 1505 de
1447 1461 1522 1505 se
1568 1441 1899 1505 divinitus
1943 1441 2199 1505 factam
2254 1439 2621 1504 infeliciter
2662 1457 2772 1500 re-

865 1540 1143 1618 futavit,
1193 1560 1503 1624 speranS,
1551 1540 1925 1618 affirmanS,
1980 1559 2057 1605 se
2109 1540 2334 1605 adhuc
2389 1540 2459 1602 in
2503 1537 2770 1618 Anglia

871 1688 889 1704 .
927 1689 944 1705 .
985 1688 1001 1705 .
1042 1687 1057 1702 .
1104 1642 1302 1706 litate
1359 1661 1653 1723 regnare
1711 1641 2076 1705 delicatius
2139 1653 2614 1722 regnaturum,
2684 1637 2771 1701 de

866 1760 1003 1823 quo
1038 1760 1256 1823 regno
1289 1759 1364 1804 se
1396 1789 1411 1804 .
1449 1787 1463 1803 .
1504 1789 1520 1804 .
1562 1788 1578 1805 .
1686 1740 1827 1818 Qui
1858 1759 2094 1805 omnes
2125 1741 2563 1816 unanimiter,
2610 1744 2773 1820 post

865 1841 1122 1905 multas
1192 1842 1350 1904 hinc
1415 1848 1487 1904 et
1549 1841 1709 1904 inde
1775 1841 2336 1923 disceptationes,
2393 1841 2466 1903 in
2524 1838 2770 1902 ducem

868 1939 1320 2005 Godefridum
1349 1948 1837 2016 consonantes»,
1874 1941 2101 2023 ipsum
2147 1941 2436 2022 eligunt,
2474 1946 2546 2002 et
2590 1938 2769 2002 elec-

864 2046 1010 2104 tum
1058 2041 1423 2123 sepulchro
1473 2040 1756 2103 Domini
1800 2060 1954 2103 cum
1998 2040 2317 2104 laudibus
2369 2046 2439 2102 et
2494 2039 2770 2122 hymnis

865 2147 937 2204 et
970 2142 1258 2203 canticis
1293 2146 1817 2222 repraesentant.
1921 2140 2032 2205 De
2066 2138 2463 2222 patriarcha
2491 2157 2770 2221 quoque

865 2239 1352 2304 constituendo
1396 2240 1469 2303 in
1514 2246 1759 2304 sancta
1804 2239 2089 2305 civitate
2124 2239 2467 2322 principes
2507 2245 2769 2302 tracta-

867 2346 1013 2403 tum
1059 2339 1416 2416 habenteS,
1466 2338 1705 2402 favore
1759 2339 1954 2403 ducis
2004 2339 2565 2402 Normannorum
2620 2337 2767 2402 Ro-

867 2440 1069 2515 berti,
1117 2440 1484 2522 episcopus
1534 2439 1814 2520 quidam
1865 2439 2383 2503 Maturanensis
2431 2438 2518 2502 de
2565 2437 2771 2502 Cala-

866 2539 1017 2604 bria
1049 2538 1492 2623 Arnulphum
1527 2539 1661 2603 sibi
1686 2539 2095 2604 familiarem
2130 2539 2500 2622 quendam,
2533 2558 2764 2603 sacer-

864 2639 1049 2703 dotis
1100 2641 1317 2705 filium
1362 2646 1432 2704 et
1470 2641 1656 2703 inter
1698 2641 2099 2722 peregrinos
2151 2640 2655 2703 incontinentia
2697 2645 2767 2703 et

865 2740 1080 2803 nimia
1113 2741 1398 2804 levitate
1427 2747 1770 2816 notatum,
1802 2740 1875 2802 in
1910 2739 2073 2803 sede
2118 2739 2564 2822 patriarchali
2610 2759 2765 2803 con-

866 2840 1118 2917 trusit3
1183 2840 1302 2903 sed
1364 2840 1546 2903 idem
1602 2837 2032 2922 ArnulphuS‚
2087 2840 2229 2903 cita
2276 2846 2497 2903 morte
2553 2840 2766 2904 inter-

863 2940 1207 3015 veniente,
1243 2946 1499 3002 temere
1534 2947 1927 3022 susceptam
1962 2946 2243 3004 coactus
2286 2946 2394 3003 est
2428 2939 2771 3022 deponere

865 3037 1299 3120 dignitatem.
1406 3038 1582 3103 Post
1609 3039 1806 3102 illum
1841 3046 2097 3116 autem,
2127 3046 2423 3104 vacante
2449 3039 2613 3102 sede
2646 3059 2768 3122 per

863 3158 1134 3203 menses
1195 3140 1526 3221 quinque,
1590 3139 1961 3221 principeS,
2021 3140 2141 3221 qui
2193 3146 2573 3222 praesentes
2616 3139 2765 3202 fue-

863 3246 1052 3314 runt,
1105 3246 1265 3321 post
1323 3239 1615 3302 multam
1669 3238 2255 3315 deliberationem,
2303 3239 2765 3303 venerabilem

863 3339 1089 3401 virum
1142 3339 1556 3402 Daibertum
1607 3339 1679 3400 in
1748 3339 1997 3401 throno
2058 3337 2505 3421 patriarchali
2557 3346 2629 3403 et
2694 3339 2765 3402 in

863 3456 1031 3501 cura
1090 3437 1434 3501 collocant
1493 3437 1875 3519 pastorali3
1930 3438 2063 3501 fuit
2108 3446 2335 3501 autem
2380 3444 2588 3502 antea
2622 3438 2765 3521 epi-

864 3556 1116 3619 scopus
1154 3536 1434 3601 Pisanae
1478 3536 1816 3615 ecclesiae,
1850 3538 1959 3601 vir
1998 3538 2087 3601 ad
2132 3537 2407 3621 plenum
2457 3538 2765 3605 eruditus

863 3644 933 3702 et
966 3638 1040 3700 in
1073 3635 1360 3719 agendis
1389 3636 1880 3700 ecclesiasticis
1910 3656 1955 3701 a
1986 3658 2198 3719 puero
2234 3638 2599 3702 enutritus·

932 3868 950 3899 ¹
971 3870 1192 3920 Traditis
1204 3871 1408 3934 igitur]
1442 3871 1550 3920 The
1570 3880 1787 3934 passage
1844 3872 2247 3921 Normannorum
2303 3871 2574 3934 Buba-tua,
2616 3888 2767 3925 suum

859 3936 1120 4001 following
1136 3936 1317 3990 should
1327 3942 1574 4003 probably
1591 3942 1652 3989 he
1665 3943 1786 3990 read
1839 3943 1930 4003 qui
1974 3956 2242 3990 accensum
2287 3942 2419 3991 clam
2462 3944 2681 3993 extinxit
2716 3950 2767 3996 et

860 4007 1010 4068 thus3
1055 4012 1070 4037 ‘
1094 4011 1317 4060 Traditis
1364 4012 1522 4073 igitur
1561 4011 1787 4060 candelis
1836 4012 2128 4060 electionem
2151 4012 2215 4060 de
2238 4026 2293 4061 se
2314 4011 2558 4061 divinitus
2580 4012 2764 4064 factam

860 4079 1138 4139 unicuique
1153 4082 1438 4142 principum
1455 4083 1563 4130 sine
1579 4082 1787 4142 lumine,
1837 4081 2106 4131 infeliciter
2142 4080 2401 4141 refutavit,
2444 4095 2671 4146 sperans,
2708 4100 2761 4134 se

858 4152 918 4197 ut
939 4164 1090 4209 quem
1119 4149 1266 4198 Deus
1296 4150 1506 4211 eligeret
1533 4167 1627 4213 per
1654 4153 1787 4200 cerei
1836 4152 2005 4201 adhuc
2022 4152 2075 4199 in
2089 4150 2280 4214 Anglia
2300 4151 2560 4202 nobilitate
2576 4153 2763 4205 delica-

857 4219 1224 4281 accensionem,
1236 4220 1300 4268 ab
1312 4220 1544 4269 omnihus
1561 4236 1681 4271 sane
1696 4236 1782 4270 rex
1835 4222 1939 4271 tius
1958 4227 2283 4283 regnaturum
2290 4217 2321 4271 .’

856 4289 1240 4352 acclamaretur,
1295 4290 1490 4339 electus
1545 4296 1625 4341 est
1678 4292 1786 4339 dux
