3108 5059
885 534 1166 582 nonus
1215 534 1671 582 ffls'romARu
1684 535 1757 581 M.
2150 519 2279 582 11⁷

349 689 554 755 susus
617 713 834 774 genas
884 694 1285 778 lachrymis,
1336 695 1426 758 ad
1482 694 1693 776 pedes
1750 694 1902 778 ejus
1948 693 2271 776 singulti·
2304 713 2416 751 ΑΔ).
2438 715 2549 754 ιοοε.

293 855 302 864 ,
347 811 476 855 ens
509 793 756 870 cecidi,
790 801 861 858 et
899 794 1146 878 adjeci,
1184 800 1205 829 ‘
1228 795 1552 872 Domine,
1589 795 1912 871 Domine,
1945 794 2268 862 miserere
2298 763 2595 855 ffzmrfa’nffoe.

345 894 576 957 nostri
615 915 634 971 ;
694 895 1018 972 Domine,
1067 916 1330 960 memor
1390 902 1541 960 esto
1603 895 1846 978 populi
1890 896 1993 959 tui
2028 916 2047 975 ;
2117 896 2265 961 Do·
2376 933 2391 948 ·

344 992 557 1071 mine,
607 993 871 1078 adjuva
920 996 1097 1060 nos?
1204 996 1297 1060 Et
1352 996 1699 1061 Dominus
1746 995 1835 1058 ad
1890 1016 2024 1072 me,
2065 996 2262 1079 ‘Ego

340 1092 712 1177 bucusque
745 1115 880 1160 vos·
907 1097 1090 1180 juvi,
1125 1115 1286 1161 nam
1321 1104 1394 1160 et
1433 1096 1751 1160 Nicaeam
1785 1115 1910 1160 vos
1949 1095 2263 1161 obtinere

341 1195 635 1275 permisi
679 1202 751 1259 et
800 1197 872 1259 in
927 1198 1164 1262 multis
1194 1189 1324 1261 'vos
1366 1197 1627 1280 praeliis
1662 1197 1967 1274 contexi,
2013 1217 2257 1280 meque

341 1293 522 1358 duce
560 1295 828 1360 vicistis
866 1303 939 1360 et
972 1296 1363 1362 Antiochiae
1397 1296 1889 1380 praevaluistis,
1928 1303 2001 1360 et
2030 1297 2102 1360 in
2131 1299 2257 1361 ob·-

337 1394 616 1459 sidione
645 1397 801 1478 ipsa
839 1397 1064 1462 multa
1101 1418 1228 1480 pro
1263 1405 1430 1462 voto
1461 1404 1693 1462 vestro
1726 1395 1925 1460 vobis
1953 1396 2253 1477 indulsi;

337 1513 615 1579 vosque
666 1497 1017 1561 beneficiis
1085 1499 1256 1560 meis
1324 1498 1584 1579 ingrati
1633 1504 1877 1561 contra
1917 1517 2027 1560 me
2067 1498 2253 1561 intu-

275 1601 280 1606 ’
333 1596 650 1673 muistis,
713 1604 785 1661 et
847 1604 1179 1680 tanquam
1231 1619 1322 1662 ex
1377 1597 1581 1682 adipe
1630 1598 1965 1680 iniquitas
2016 1605 2253 1662 vestra

334 1697 632 1778 prodiit,
685 1717 931 1780 meque
979 1718 1150 1780 gens
1195 1698 1534 1782 injuriosa
1580 1698 1933 1780 gentiliter
1972 1717 2257 1762 exacer-

335 1798 593 1875 bastiS,
630 1797 795 1862 dum
831 1819 987 1862 cum
1017 1799 1422 1862 mulieribus
1443 1799 1554 1863 vel
1587 1798 1829 1862 alienis
1859 1798 1971 1861 vel
1998 1805 2251 1862 vestrae

336 1899 827 1979 professioniS,
891 1899 1011 1962 sed
1073 1899 1360 1976 illicitis,
1405 1899 1725 1963 fornicati
1778 1899 1968 1962 estis,
2104 1898 2253 1961 Iste

333 1998 626 2080 quidem
661 1999 1036 2081 singularis
1067 1999 1279 2065 foetor
1310 2000 1518 2064 caelos
1553 1999 1867 2062 ascendit
1899 2005 1969 2061 et
2014 1998 2253 2062 oculos

335 2119 535 2163 meos
562 2119 610 2162 a
638 2100 836 2164 vobis
860 2102 1114 2166 avertit
1136 2121 1154 2179 3
1192 2100 1567 2164 retribuam
1603 2100 1818 2181 igitur
1843 2118 1973 2180 ego
1997 2106 2251 2163 vestrae

335 2200 860 2282 ingratitudini,
891 2220 1018 2264 nec
1045 2220 1326 2283 parcam
1358 2202 1754 2283 prostitutae
1788 2207 1860 2263 et
1887 2199 2252 2282 lupananti

335 2300 822 2365 multitudini.'
885 2301 1083 2366 Tunc
1105 2309 1328 2364 mater
1355 2299 1839 2365 misericordiae
1861 2298 2255 2383 Petrusque

331 2402 592 2466 beatus
627 2401 715 2465 ad
751 2401 960 2484 pedes
992 2401 1452 2466 misericordis
1483 2400 1878 2466 ceciderunt
1906 2399 2253 2482 Redemp-

337 2502 543 2580 toriS,
601 2510 671 2566 et
725 2503 870 2568 suis
925 2502 1550 2587 supplicationibus
1604 2503 1779 2566 iram
1837 2501 2255 2583 mitigabant

341 2603 784 2683 minitantis;
821 2608 842 2637 ‘
864 2604 1185 2679 Domine,
1223 2610 1331 2667 tot
1360 2603 1562 2667 annis
1602 2622 1773 2683 gens
1812 2619 2093 2683 pagana
2130 2601 2254 2665 do-

339 2724 538 2767 mum
579 2704 812 2782 istam,
847 2723 1003 2787 quae
1046 2703 1292 2767 domus
1333 2710 1483 2767 erat
1524 2702 1884 2777 orationiS,
1929 2702 2252 2779 obtinuit,

341 2804 637 2888 suisque
677 2804 1025 2886 spurcitiis
1059 2823 1236 2882 eam,
1268 2803 1441 2888 prob
1473 2803 1707 2867 dolor!
1756 2801 2155 2878 maculavit,
2184 2810 2255 2865 et

335 2925 527 2982 ecce,
563 2924 943 2987 paucorum
977 2904 1420 2987 exigentibus
1455 2904 1703 2986 culpiS,
1737 2904 1923 2966 omni
1961 2902 2254 2967 Christi-

337 3006 600 3070 anitati
639 2993 806 3083 tuae,
851 3025 1010 3087 quae
1050 3005 1329 3069 domum
1367 3006 1578 3069 istam
1618 3003 1871 3067 exinde
1914 3003 2254 3084 sanguine

339 3125 475 3171 suo
539 3106 888 3183 liberavit,
957 3107 1124 3190 jam.
1174 3101 1527 3169 deleturus
1591 3104 1907 3168 irasceris
1946 3124 1963 3182 ;
2020 3092 2252 3186 parce,

340 3206 680 3283 Domine,
745 3225 952 3291 parce
1025 3207 1286 3290 populo
1357 3213 1504 3283 tuo,
1549 3208 1640 3269 ⁴et
1703 3224 1789 3267 ne
1850 3204 1972 3267 des
2033 3203 2253 3267 haere·

341 3309 644 3371 ditatem
694 3314 888 3371 tuam
928 3308 1004 3370 in
1041 3307 1522 3389 perditionem,
1557 3312 1637 3369 ut
1680 3304 2120 3369 dominentur
2148 3305 2249 3368 eis

341 3406 718 3472 nationes?
819 3406 1200 3491 Adquievit
1258 3406 1475 3489 igitur
1525 3413 1809 3470 sanctus
1856 3412 2255 3469 sanctorum

341 3509 546 3573 Deus
608 3508 1068 3591 supplicantis
1132 3506 1373 3571 matris
1429 3513 1499 3572 et
1553 3506 1853 3590 apostoli
1911 3506 2255 3589 precibuS‚

334 3610 634 3695 jamque
668 3609 872 3673 vultu
899 3608 1128 3672 sactus
1152 3607 1546 3692 jocundior,
1571 3607 1755 3671 dixit
1786 3606 1978 3684 mibi,
2010 3612 2031 3640 ‘
2051 3605 2253 3671 Vade

345 3718 420 3774 et
465 3710 578 3773 dic
635 3710 896 3793 populo
947 3729 1124 3787 meo,
1178 3708 1512 3792 Lupanar
1559 3715 1630 3772 et
1672 3707 2129 3792 prostibulum
2184 3712 2254 3771 et
2308 3764 2313 3769 .

349 3831 628 3875 omnem
664 3830 707 3873 a
733 3809 934 3875 vobis
970 3817 1319 3874 removete
1355 3810 1675 3885 abusum,
1710 3815 1780 3872 et
1806 3814 2041 3872 vestra
2074 3806 2258 3870 fleti-

353 3912 482 3975 bus
539 3910 807 3975 abluite
861 3909 1196 3988 facinora,
1250 3916 1322 3973 et
1384 3909 1473 3972 ad
1529 3929 1639 3973 me
1690 3907 2139 3986 revertimini,
2186 3914 2260 3971 et

353 4032 483 4095 ego
521 4018 840 4077 revertar
889 4010 975 4075 ad
1027 4030 1178 4088 VOS,
1240 4018 1313 4075 et
1360 4010 1542 4074 infra
1588 4009 1893 4092 quinque
1942 4008 2091 4073 dies
2131 4029 2257 4092 op-

353 4121 734 4195 portunum
779 4112 980 4175 vobis
1028 4111 1405 4195 providebo
1445 4111 1809 4188 auxilium,
1854 4110 2023 4191 quia
2062 4109 2258 4175 Deus

357 4214 521 4279 nihil
557 4215 828 4279 habens
863 4211 1446 4277 immisericordiae
1480 4232 1611 4293 ego
1644 4230 1836 4289 sum3
1891 4210 2262 4275 decantent

353 4316 659 4399 quotidie
709 4313 1014 4391 interim,
1061 4312 1488 4397 Congregati
1531 4319 1693 4377 sunt
1736 4309 1995 4377 inimici
2040 4310 2259 4405 nostri
