3108 5059
924 492 1205 542 smnus
1251 491 1789 543 msromanun.
2173 479 2305 546 391

399 665 554 712 mus
601 647 789 727 hinc,
841 657 915 715 et
970 651 1060 715 ad
1121 651 1348 716 locum
1397 650 1581 715 unde
1620 651 2031 716 recessimus
2074 671 2303 717 rever·
2326 672 2439 713 m).
2460 673 2573 714 ma.

398 750 673 814 tamur.'
722 743 740 750 ’
777 750 934 816 Illis
979 762 1212 816 autem
1255 769 1381 835 per
1415 752 1601 816 viam
1649 769 1790 834 qna
1822 760 2163 818 venerant
2192 772 2303 817 re-
2324 724 2621 825 ΔἭῗ-ῗιιῖἷιῧί

391 851 848 928 vertentibus,
877 861 1164 918 sanctus
1213 870 1412 916 suam
1460 851 1755 916 intravit
1790 852 2179 928 ecclesiam,
2229 859 2302 918 et

394 947 600 1014 homo
665 951 786 1014 ille
839 951 1122 1016 domum
1175 970 1376 1017 suam
1416 952 1776 1034 ingressus
1818 953 2099 1036 proprio
2148 971 2302 1018 sese

393 1049 576 1115 lecto
609 1052 894 1134 recepit.

423 1226 602 1308 Quod
627 1228 731 1292 m’r
745 1229 1062 1314 praesatue
1090 1228 1382 1294 visionem
1409 1227 1532 1297 sibi
1562 1237 1857 1294 ostensam
1883 1227 2267 1296 revelaverit.

497 1349 632 1414 Vir
695 1359 929 1416 autem
991 1371 1194 1416 mane
1253 1352 1817 1435 expergefactus,
1882 1354 1955 1417 in
2010 1356 2297 1438 ancipiti

393 1449 690 1534 positus,
709 1451 1115 1528 fluctuabat,
1143 1460 1374 1518 utrum
1411 1455 1539 1519 sub
1574 1453 1850 1518 silentio
1886 1457 2297 1536 praeteriret,

395 1569 488 1614 an
521 1551 702 1628 aliis,
735 1572 896 1635 quae
923 1553 998 1616 in
1032 1552 1210 1630 visu,
1245 1554 1352 1618 vel
1402 1555 1660 1637 potin-⁶3,
1692 1560 1773 1618 ut
1806 1557 2297 1638 praesumebat,

396 1671 498 1728 re,
559 1652 1014 1736 corporaliter
1072 1661 1275 1735 gesta
1335 1653 1697 1732 didicerat,
1755 1655 2146 1735 revelaret3
2232 1657 2297 1720 si

392 1752 576 1816 enim
620 1752 880 1830 sileret,
913 1773 1202 1835 peccare
1243 1755 1599 1818 metuebat
1626 1755 1701 1818 in
1734 1754 2007 1836 Deum;
2052 1757 2113 1819 si
2146 1775 2295 1820 rem

393 1852 804 1935 publicaret,
879 1872 1136 1918 sannas
1211 1854 1563 1919 hominum
1628 1855 2019 1919 verebatur.
2140 1855 2295 1920 Ista

395 1952 676 2017 tandem
751 1955 984 2018 animo
1055 1973 1242 2037 saepe
1314 1955 1681 2020 revolvens
1751 1954 1983 2032 homo,
2046 1955 2295 2022 timore

399 2052 538 2117 Dei
568 2052 947 2117 humanum
975 2055 1334 2119 absorbuit
1358 2075 1377 2135 ;
1431 2061 1526 2132 et,
1553 2054 1718 2119 licet
1752 2054 1979 2119 adhuc
2006 2057 2293 2122 verbum

393 2153 528 2218 hoc
561 2155 1037 2218 communibus
1081 2160 1266 2218 esset
1309 2154 1593 2218 auribus
1626 2154 2132 2233 absconditum,
2165 2155 2291 2220 do-

393 2253 716 2319 mesticos
755 2261 988 2319 tamen
1039 2272 1324 2318 suorum
1370 2260 1444 2318 et
1491 2255 1807 2336 privatos
1854 2253 2083 2320 effecit
2124 2274 2295 2321 con·

396 2355 578 2419 scios
609 2363 1055 2419 secretorum.
1161 2353 1278 2418 Illi
1309 2361 1568 2432 autem,
1596 2355 1783 2438 quod
1816 2354 2177 2420 dicebatur
2216 2355 2291 2421 in

401 2455 723 2533 tenebris,
770 2454 842 2519 in
877 2454 1136 2520 lumine
1179 2454 1648 2539 proferebant,
1672 2463 1767 2533 et,
1794 2455 1981 2538 quod
2008 2455 2081 2518 in
2124 2474 2293 2520 aure

389 2554 780 2633 audierant,
806 2575 1018 2639 super
1050 2563 1237 2621 tecta
1261 2556 1761 2639 praedicabant.
1866 2556 2157 2620 Factum
2184 2564 2294 2622 est

391 2663 651 2734 autem,
680 2664 761 2722 ut
793 2656 924 2721 hoc
962 2675 1148 2720 anno
1180 2657 1464 2721 verbum
1495 2656 1686 2720 istud
1728 2674 1855 2739 per
1888 2662 2107 2720 totam
2149 2655 2292 2719 dis-

392 2757 851 2822 seminaretur
903 2756 1359 2840 provineiam,
1407 2756 1583 2821 adeo
1628 2756 1907 2839 quidem
1950 2762 2031 2820 ut
2072 2756 2293 2839 ipsius

392 2857 784 2940 frequentia
815 2857 1218 2922 monasterii
1247 2857 1438 2921 beati
1466 2858 1793 2941 martyris
1812 2854 2073 2921 Albani
2104 2856 2291 2921 clau-

393 2966 615 3021 strum
657 2958 972 3023 intraret.
1076 2957 1396 3040 Denique
1443 2956 1630 3021 fama
1679 2957 2096 3035 desiderata,
2134 2957 2293 3039 qui-

392 3058 684 3122 busdam
712 3058 1240 3140 perferentibnS,
1279 3058 1369 3121 ad
1411 3058 1733 3122 abbatem
1778 3057 2127 3122 Simonem
2170 3076 2291 3141 pe·-

393 3158 722 3235 netravit,
753 3158 955 3242 cujus
999 3166 1162 3241 post
1205 3158 1434 3223 Deum
1475 3158 1893 3222 auctoritate
1936 3158 2293 3239 negotium

390 3259 565 3324 illud
608 3258 821 3322 robur
863 3266 1015 3345 erat
1057 3257 1452 3341 specialiter
1483 3258 1919 3337 habiturnm3
1965 3256 2087 3340 qui
2134 3276 2293 3340 pro·

391 3360 584 3425 tinus
634 3358 882 3440 gratioe
911 3359 1046 3422 Dei
1089 3358 1331 3425 laudes
1373 3357 1735 3440 persolvit,
1772 3366 1867 3435 et,
1913 3357 2295 3421 communi-

391 3466 552 3526 cato
596 3458 910 3534 consili0‚
955 3459 1213 3523 electos
1245 3458 1332 3523 de
1365 3467 1715 3523 conventu
1743 3458 1993 3523 fratres
2022 3457 2297 3540 aliquot

392 3561 486 3626 ad
531 3560 782 3637 locum,
826 3578 1030 3641 quem
1071 3559 1178 3623 vir
1209 3558 1326 3623 ille
1374 3564 1779 3624 ostensurus
1825 3565 1999 3635 erat,
2051 3558 2293 3622 eodem

392 3660 546 3727 viro
589 3660 875 3744 praevio,
927 3658 1328 3724 destinavit.
1403 3658 1809 3724 Conventus
1855 3656 2040 3722 domi
2084 3658 2295 3722 devo-

392 3764 486 3827 tis
539 3760 966 3825 orationibus
1009 3759 1474 3835 incumbebat,
1521 3766 1594 3823 et
1641 3758 1891 3822 fratroe
1934 3757 2292 3822 ductorem

393 3881 594 3927 suum
635 3866 1029 3943 sequentes,
1057 3860 1290 3925 videre
1333 3867 1715 3943 martyrum
1758 3857 2087 3941 reliquias
2130 3876 2293 3941 pro-

396 3962 778 4047 perabant3
843 3979 984 4043 quo
1034 3960 1310 4024 demum
1359 3960 1841 4044 pervenientes
1882 3959 2295 4022 invenerunt

393 4063 649 4128 ibidem
670 4061 972 4127 fidelium
1005 4060 1538 4136 multitudinem,
1567 4078 1745 4143 quos
1762 4058 2063 4143 Spiritus
2080 4058 2298 4124 Sanc-

396 4174 510 4231 tus
571 4162 658 4227 de
731 4161 1026 4227 diversis
1108 4160 1482 4244 provinciis
1551 4161 1628 4225 in
1688 4178 1904 4225 unum
1966 4178 2297 4243 prospero

393 4263 839 4349 prognostico
907 4260 1310 4343 collegerat,
1381 4270 1460 4325 ut
1533 4260 1915 4341 inventioni
1974 4260 2297 4343 martyris
