3108 5059
879 468 1009 538 122
1383 485 1654 534 nocam
1704 486 1799 534 DE
1845 485 2263 534 wmwovmt

557 663 801 704 A.D.109⁸.
879 643 1317 727 campestria,
1379 663 1536 726 quae
1603 663 1649 708 a
1706 643 1991 710 civitate
2056 643 2317 708 distare
2371 642 2787 709 videbantur

555 714 854 806 ssffffie..
878 745 1081 828 quasi
1119 744 1526 809 milliaribus
1572 743 1865 816 duobus,
1894 751 1966 808 et
1998 743 2434 809 monentibus
2474 743 2669 808 lituis
2701 764 2785 810 ac

880 847 1092 923 tubis,
1146 846 1594 927 buccinisque
1648 844 2266 928 perstrepentibus,
2310 843 2659 926 gradatim
2711 847 2784 909 in

879 946 1115 1012 hostes
1169 945 1578 1029 procedunt,
1631 953 1725 1023 et,
1777 945 1964 1010 facto
2016 945 2307 1028 impetu,
2342 951 2486 1009 tres
2540 946 2784 1027 primae

879 1046 1064 1112 acies
1102 1047 1176 1110 in
1225 1065 1345 1110 eos
1393 1052 1717 1129 potenter
1762 1046 2062 1122 irruunt,
2110 1045 2372 1110 lanceis
2418 1052 2489 1110 et
2532 1047 2783 1128 gladiis

880 1148 1192 1212 cominus
1254 1148 1599 1212 instantes
1638 1167 1656 1226 3
1728 1145 1851 1210 sed
1910 1157 1985 1212 et
2042 1147 2267 1211 nostri
2320 1146 2613 1228 pediteS,
2664 1148 2785 1230 qui

879 1249 1178 1312 arcubus
1213 1249 1584 1312 utebantur
1612 1253 1682 1311 et
1714 1247 2012 1324 balistis,
2041 1246 2354 1330 equitum
2392 1246 2785 1330 manipulos

878 1348 1373 1431 praecedentes,
1416 1347 1716 1430 [hostes]
1752 1367 1986 1412 arcere
2028 1346 2423 1425 studebant,
2456 1366 2633 1430 quos
2680 1368 2788 1413 se-

879 1457 1172 1530 quentes
1219 1448 1529 1532 equitum
1577 1455 1821 1512 turmae
1861 1447 2153 1513 viriliter
2188 1447 2263 1512 in
2312 1466 2537 1529 agone
2578 1448 2783 1513 desu-

879 1547 1071 1613 dant.
1152 1547 1464 1613 Tandem
1497 1567 1654 1614 cum
1688 1568 1925 1614 omnes
1958 1547 2292 1630 legioneS,
2322 1555 2616 1632 excepta
2656 1569 2781 1615 no-

879 1649 1188 1726 vissima,
1236 1649 1352 1713 cui·
1400 1656 1699 1732 praeerat
1742 1648 2219 1726 Boamundus,
2259 1667 2417 1713 cum
2464 1649 2783 1716 hostibus

880 1749 1154 1816 fortiter
1183 1750 1641 1826 decertarent,
1668 1750 1772 1814 ita
1804 1757 1906 1827 ut,
1928 1749 2077 1833 jam
2113 1750 2427 1832 pluribus
2452 1750 2777 1815 interfec-

881 1851 997 1927 tis,
1043 1870 1243 1933 paene
1293 1850 1685 1932 agminibus
1744 1851 2101 1914 dissolutis
2149 1849 2361 1914 Turci
2414 1851 2486 1914 in
2540 1851 2780 1934 fugam

880 1959 1337 2029 verterentur,
1373 1970 1532 2015 ecce
1568 1951 2034 2027 SolimannuS,
2081 1970 2235 2015 cum
2274 1951 2542 2017 duobus
2576 1952 2781 2017 milli-

881 2051 1012 2114 bus
1049 2072 1139 2116 ex
1178 2052 1349 2116 locis
1382 2049 1743 2115 maritimis
1790 2050 2189 2129 advenienS,
2223 2051 2297 2115 in
2340 2052 2557 2116 aciem
2594 2053 2780 2118 Boa-

880 2152 1118 2216 mundi
1162 2172 1317 2216 cum
1363 2152 1585 2216 multo
1632 2151 1893 2234 impetu
1925 2171 1969 2215 a
2002 2159 2201 2233 tergo
2242 2151 2470 2230 irruit,
2510 2161 2583 2217 et
2622 2161 2777 2218 tan-

884 2258 1025 2315 tam
1060 2253 1476 2334 sagittarum
1506 2251 1913 2334 grandinem
1938 2251 2245 2331 immisit,
2272 2260 2352 2316 ut
2384 2260 2603 2319 totam
2636 2254 2779 2320 sere

882 2353 1100 2417 aciem
1155 2353 1498 2434 operiret3
1554 2371 1881 2436 moxque,
1924 2354 2222 2418 arcubus
2273 2352 2556 2432 relictis,
2604 2355 2779 2420 mal·

879 2451 1006 2516 leis
1045 2453 1312 2518 instant
1350 2460 1422 2518 et
1455 2452 1707 2537 gladiis
1738 2454 1842 2518 ita
1884 2454 2228 2533 ardenter,
2262 2461 2365 2533 ut,
2398 2474 2557 2518 cum
2595 2456 2781 2521 Boa-

877 2556 1176 2619 mundus
1247 2574 1482 2619 eorum
1546 2554 1663 2621 vix
1746 2555 2079 2638 impetum
2158 2557 2555 2635 sustineret,
2632 2557 2777 2622 dux

881 2653 1301 2721 Godesridus
1381 2663 1454 2720 et
1535 2676 1693 2721 cum
1772 2674 1855 2721 eo
1929 2655 2335 2721 Tancredus
2420 2657 2777 2736 advolant,

879 2775 1170 2838 quorum
1222 2757 1564 2821 adventus
1599 2762 1670 2819 et
1714 2756 2119 2821 admiranda
2158 2757 2498 2822 instantia
2540 2777 2778 2823 necem

880 2854 1194 2920 hostibus
1258 2864 1330 2921 et
1374 2855 1667 2920 vulnera
1721 2855 1991 2921 letifera
2042 2857 2447 2923 intulerunt.
2580 2859 2779 2950 Tunc

881 2955 1346 3033 Solimannus,
1405 2956 1492 3021 ad
1549 2956 1691 3020 alia
1751 2976 1826 3021 se
1876 2964 2285 3022 convertens
2342 2969 2780 3041 argumenta,

879 3056 1145 3121 foenum
1202 3056 1497 3122 multum
1533 3064 1606 3121 et
1645 3056 1997 3140 stipulam,
2043 3078 2201 3142 quae
2245 3058 2333 3122 ad
2387 3066 2609 3124 artem
2655 3081 2779 3127 no·

879 3158 1079 3222 cendi
1112 3177 1204 3221 ex
1239 3156 1532 3223 adverso
1567 3167 2139 3241 congregaverat,
2162 3159 2378 3244 jussit
2409 3163 2775 3243 succendi3

879 3266 974 3336 et,
1007 3258 1172 3322 licet
1203 3258 1552 3323 flammam
1584 3258 1833 3323 darent
1867 3258 2229 3338 modicam,
2264 3267 2511 3324 tetram
2547 3269 2779 3327 tamen

759 3366 774 3377 “
881 3366 1094 3441 atque
1128 3358 1408 3423 densam
1450 3358 1625 3423 fumi
1674 3359 2039 3441 caliginem
2083 3361 2587 3427 ministrarunt.
2693 3363 2781 3429 In

881 3458 1011 3522 hac
1076 3478 1350 3541 quoque
1408 3458 1579 3525 fumi
1634 3460 1931 3543 caligine
1992 3460 2227 3525 hos-tes
2288 3461 2373 3527 de
2433 3462 2777 3546 peditibus

881 3559 1138 3623 nostris
1201 3558 1602 3623 occiderunt
1658 3559 2055 3637 nonnullos,
2108 3561 2229 3626 sed
2286 3563 2564 3628 tandem
2611 3584 2778 3630 ven-

880 3666 1108 3726 torum
1155 3660 1550 3724 moderator
1599 3660 1819 3738 Deus,
1863 3668 2149 3725 ventum
2193 3664 2267 3726 in
2316 3682 2631 3746 paganos
2674 3686 2781 3730 re-

880 3768 1235 3844 torquens,
1284 3762 1668 3826 excaecavit
1719 3781 1839 3825 eos
1889 3762 1975 3827 de
2026 3762 2217 3827 fumo
2268 3762 2415 3843 illo,
2468 3764 2655 3830 unde
2706 3767 2775 3831 in

877 3860 1116 3943 fugam
1163 3860 1558 3944 praecipites
1598 3868 1765 3925 sunt
1798 3863 2155 3943 conversi3
2202 3882 2379 3947 quos
2431 3866 2779 3950 principes

877 3961 1144 4025 militiae
1193 3960 1455 4027 Christi
1505 3962 1757 4026 acriter
1811 3964 2277 4046 insequenteS,
2328 3964 2417 4029 ad
2466 3984 2597 4029 sua
2656 3987 2779 4051 ag-

875 4061 1062 4124 mina
1127 4061 1321 4144 prius
1385 4061 1729 4128 dissoluta
1776 4064 2119 4128 violenter
2173 4084 2523 4129 recurrere
2588 4086 2777 4133 com-

873 4161 1222 4245 pulerunt,
1255 4162 1603 4227 caedentes
1643 4182 1762 4228 eos
1804 4165 2067 4248 absque
2120 4163 2381 4247 pietate
2419 4186 2644 4251 usque
2688 4169 2775 4233 ad

871 4282 1108 4327 eorum
1161 4263 1487 4342 tentoria,
1545 4263 1665 4328 ubi
1713 4265 2047 4350 majorem
2100 4284 2383 4331 suorum
2429 4267 2777 4335 fortitudi-
