3108 5059
784 459 917 522 ,442
1297 473 1570 520 nocam
1619 473 1713 518 nn
1760 471 2175 520 wannovssn

929 704 1014 769 Ut
1040 726 1150 769 rav
1180 704 1494 768 Hmmicm
1518 724 1658 768 omn
1688 701 2009 768 Richardo
2018 657 2165 784 filio
2192 723 2301 766 suo
2320 723 2545 787 pacem

1481 812 1726 868 coactus
1734 802 1988 886 fecerit.

462 938 708 978 ,ιθ-1189·
889 922 1186 994 Eodem¹
1227 948 1437 1005 anne,
1479 928 1554 992 in
1600 927 1907 992 crastino
1953 923 2359 990 festivitatis
2410 931 2693 1006 aposto-

459 988 706 1028 Conditionu

462 1039 653 1126 ἓξὲξ
787 1028 1011 1092 lorum
1046 1028 1244 1093 Petri
1275 1036 1348 1093 et
1377 1027 1611 1103 Pauli,
1642 1045 1873 1092 comes
1915 1025 2267 1090 Flandriae
2299 1022 2691 1107 Philippus,

463 1137 714 1228 ¹310de
789 1137 862 1193 et
891 1128 1309 1204 WillelmuS‚
1337 1127 1707 1192 Remensis
1750 1125 2335 1208 archiepiscopuS,
2356 1132 2429 1188 et
2448 1123 2693 1206 Hugo,

789 1227 937 1292 dux
979 1227 1432 1310 Burgundiae‚
1467 1233 1809 1294 venerunt
1852 1225 2039 1309 apud
2092 1223 2393 1290 Saumur
2440 1223 2527 1286 ad
2582 1243 2691 1287 re-

791 1347 948 1410 gem
992 1326 1382 1409 Anglornm
1431 1326 1522 1392 ad
1572 1324 2121 1408 componendum
2176 1324 2359 1389 inter
2410 1342 2567 1386 eum
2620 1329 2692 1386 et

790 1447 1024 1509 regem
1077 1427 1502 1492 Francorum
1549 1434 1622 1490 et
1670 1424 2121 1500 Richardum‚
2166 1424 2485 1488 comitem
2532 1421 2694 1486 Pic-

793 1534 1135 1594 tavorum.
1240 1526 1517 1590 Habuit
1558 1532 1793 1592 autem
1832 1543 2063 1592 comes
2105 1522 2501 1589 Richardus
2536 1522 2694 1586 Bri-

797 1634 994 1690 tones
1043 1625 1557 1692 confoederatos
1610 1644 1768 1690 cum
1829 1623 2411 1698 Pictaviensibus,
2462 1621 2581 1704 qui
2650 1639 2695 1684 a

797 1746 960 1808 rege
1047 1726 1474 1792 Francorum
1543 1725 1785 1790 literas
1858 1729 2179 1806 patentes
2258 1729 2694 1804 acceperant,

795 1825 981 1907 quod
1036 1826 1188 1909 ipse
1231 1825 1633 1892 nullatenus
1670 1843 1829 1888 cum
1870 1843 2037 1904 rege
2070 1821 2462 1904 Anglorum
2506 1839 2692 1885 com-

795 1932 1108 2007 poneret,
1153 1926 1284 1992 nisi
1327 1933 1402 1990 et
1431 1925 1568 2008 ipsi
1600 1925 1675 1987 in
1708 1943 1879 2006 pace
1909 1922 2165 1988 fuerint
2194 1919 2693 2003 comprehensi.

789 2023 1080 2090 'Interea
1119 2045 1284 2090 vero
1336 2045 1462 2090 rex
1515 2024 1939 2092 Francorum
1992 2029 2065 2088 et
2118 2020 2534 2098 RicharduS,
2578 2040 2695 2084 co-

797 2143 943 2187 mes
978 2123 1452 2203 Pictavorum,
1485 2124 1843 2191 civitatem
1880 2120 2303 2187 Turonicam
2335 2119 2696 2184 obsidione

797 2223 1180 2302 cingentes»,
1225 2224 1548 2306 proximo
1591 2222 1703 2288 die
1738 2221 1960 2286 Lunae
2012 2228 2175 2304 post
2221 2220 2475 2286 festum
2516 2239 2695 2301 prae-

793 2321 1044 2392 fatum,
1109 2341 1202 2386 ex
1249 2328 1450 2403 parte
1507 2321 1777 2402 Ligeris
1834 2320 2161 2396 fluminiS‚
2218 2339 2364 2403 prae
2412 2319 2696 2382 modici-

799 2426 946 2484 tate
979 2439 1204 2502 aquee,
1249 2420 1458 2484 scalis
1492 2439 1689 2483 muro
1730 2418 2125 2501 applicatis,
2159 2419 2499 2484 violenter
2531 2418 2700 2481 civi-

799 2525 1018 2585 tatem
1061 2527 1391 2603 ceperunt
1425 2527 1496 2584 et
1525 2519 1602 2583 in
1632 2538 1719 2585 ea
1746 2518 2003 2583 milites
2040 2518 2413 2599 sexaginta
2449 2537 2693 2582 novem

799 2627 870 2683 et
925 2627 1200 2685 centum
1253 2620 1659 2685 servientes.
1762 2617 1965 2682 Tunc
2020 2638 2141 2683 rex
2182 2616 2574 2699 Anglorum
2624 2618 2697 2680 in

801 2725 995 2782 arcto
1041 2720 1464 2785 constitutus
1512 2737 1753 2801 pacem
1790 2717 1923 2781 sibi
1967 2718 2439 2800 turpissimam
2470 2718 2698 2781 facere

799 2818 1197 2900 compulsus
1242 2826 1350 2883 est
1382 2819 1456 2881 in
1488 2818 1675 2884 hunc
1706 2816 2029 2896 modum3
2099 2817 2263 2883 Rex
2307 2815 2697 2898 Anglorum

799 2934 876 2978 se
921 2916 1155 2995 posuit
1199 2934 1293 2979 ex
1343 2925 1496 2981 toto
1541 2916 1615 2978 in
1660 2915 1949 2980 consilio
1988 2917 2185 2997 regis
2248 2916 2699 2993 Francorum,

801 3015 903 3077 ita
937 3014 1148 3095 quod,
1188 3014 1516 3099 quicquid
1564 3014 1749 3079 idem
1788 3033 1914 3078 rex
1954 3014 2349 3096 provideret
2394 3015 2503 3079 vel
2549 3015 2699 3079 fieri

790 3112 1162 3195 judicaret,
1219 3133 1345 3178 rex
1386 3112 1668 3195 Angliae
1724 3113 1875 3177 sine
1916 3114 2463 3179 contradictione
2507 3132 2697 3179 com-

799 3211 1044 3294 pleret.
1150 3212 1350 3277 Tunc
1410 3233 1537 3277 rex
1582 3211 1988 3295 -Anglorum
2049 3214 2197 3295 regi
2269 3213 2695 3279 Francorum

799 3310 963 3377 fecit
997 3311 1419 3393 homagium,
1459 3312 1627 3395 quia
1658 3312 1729 3377 in
1780 3313 2117 3395 principio
2165 3312 2285 3396 huj
2298 3332 2377 3377 us
2424 3333 2697 3395 guerrae

797 3410 1195 3493 homagium
1273 3431 1476 3475 suum
1553 3411 1951 3476 reddiderat
2029 3414 2179 3493 regi
2244 3412 2696 3477 Francorum.

802 3509 1170 3577 Provisum
1193 3518 1302 3575 est
1318 3511 1628 3593 insuper,
1650 3518 1731 3575 ut
1748 3509 2008 3587 Alesia,
2034 3530 2233 3575 soror
2260 3512 2447 3593 regis
2474 3512 2698 3577 Fran-

799 3628 1060 3687 corum,
1113 3610 1514 3675 redderetur
1568 3612 1641 3675 in
1688 3610 2004 3676 custodia
2048 3611 2321 3675 comitis
2362 3610 2701 3677 Richardi

799 3729 1020 3791 usque
1050 3710 1138 3774 ad
1182 3711 1480 3774 reditum
1517 3728 1719 3774 suum
1767 3709 1852 3773 de
1895 3710 2451 3793 peregrinatione
2493 3718 2699 3776 terrae

797 3817 1086 3885 sanctae,
1112 3817 1192 3875 ut
1229 3817 1400 3874 tunc
1437 3809 1635 3873 illam
1670 3809 1954 3873 duceret
1986 3810 2059 3874 in
2098 3830 2413 3874 uxorem.
2518 3810 2697 3874 Pro-

796 3908 1022 3971 visum
1080 3916 1188 3972 est
1248 3911 1482 3987 etiam,
1536 3909 1719 3993 quod
1782 3928 2011 3973 comes
2063 3908 2459 3973 Richardus
2518 3910 2701 3973 acci-

797 4016 993 4086 peret
1021 4007 1349 4089 homagia
1375 4008 1731 4073 hominum
1766 4008 1851 4071 de
1885 4009 2205 4072 omnibus
2237 4009 2438 4073 terris
2476 4010 2701 4090 patris

934 4222 960 4283 ¹,
970 4226 1154 4273 Eodem
1175 4224 1342 4287 annm]
1378 4226 1645 4291 Hoveden,
1667 4244 1721 4290 p.
1746 4232 1873 4289 6533
1900 4229 2164 4278 Benedict.
2189 4229 2325 4279 Abb.
2348 4245 2401 4290 p.
2427 4233 2542 4279 545.
