3108 5059
480 629 590 669 Aa).
611 629 722 669 113⁴.

477 679 572 720 mre
587 680 636 719 os

479 731 522 770 Β.
535 728 714 774 wurdt.

797 442 932 508 2⁹78
1303 457 1571 506 aocniu
1620 457 1717 504 ns
1762 454 2179 504 wnnnovmt

803 619 1040 700 itaque
1067 617 1490 700 aliquamdiu
1522 617 1953 700 poenitentiae
1984 633 2131 680 suae
2152 613 2537 698 proposito,
2566 612 2703 676 iter

807 717 1088 782 tandem
1131 717 1687 800 praemeditatum
1730 714 2047 798 arripuit,
2090 721 2171 778 ut
2210 713 2300 777 ad
2334 713 2707 778 Wlsricum

809 817 944 882 Dei
977 817 1270 880 amicum
1301 817 1595 894 veniret,
1628 823 1723 893 et,
1752 821 2109 879 transacto
2135 814 2347 896 longo
2379 813 2513 876 viae
2540 831 2706 894 spa-

807 918 932 994 tio,
963 917 1050 980 ad
1089 917 1338 981 vadum
1372 915 1653 999 quidem
1686 915 1877 978 illius
1912 913 2242 991 fluminiS,
2275 913 2461 996 quod
2498 920 2706 976 extra

811 1015 1312 1098 Heselbergam
1349 1015 1563 1079 situm
1609 1021 1740 1091 est,
1773 1014 2094 1091 accessit,
2131 1013 2265 1076 iter
2302 1031 2505 1075 suum
2554 1011 2705 1075 Do-

809 1117 999 1180 mino
1047 1122 1540 1198 prosperante;
1601 1114 1711 1179 vir
1760 1119 1991 1177 autem
2040 1111 2185 1190 ille,
2242 1131 2400 1175 cum
2447 1111 2705 1176 vadum

810 1215 1058 1280 fuisset
1093 1217 1452 1298 ingressus
1485 1221 1559 1278 et
1597 1213 1684 1277 de
1720 1213 1909 1277 beati
1938 1211 2217 1277 wlfrici
2250 1211 2709 1276 subventione

811 1336 1004 1399 spem
1037 1322 1298 1380 certam
1331 1313 1785 1398 concepisset,
1818 1311 2220 1396 supervenit
2250 1310 2568 1375 diabolus
2602 1311 2711 1374 ira

812 1416 1013 1499 gravi
1049 1433 1450 1492 succensus,
1487 1421 1560 1478 et
1586 1432 1833 1477 manus
1870 1413 1944 1477 in
1990 1411 2335 1476 hominem
2366 1411 2711 1476 violentas

814 1515 1193 1580 immittens
1237 1513 1591 1579 infremuit
1654 1519 1726 1576 et
1775 1513 1901 1592 ait,
1962 1517 1982 1547 ‘
2016 1510 2203 1591 Quid
2260 1507 2411 1588 est,’
2459 1511 2713 1594 inquit,

816 1620 835 1649 ‘
861 1613 1197 1698 proditor,
1233 1612 1417 1696 quod
1454 1612 1683 1677 facere
1716 1612 1997 1677 voluisti
2028 1613 2059 1676 'l
2108 1611 2385 1676 Moliris
2427 1619 2713 1693 pactum

817 1721 1130 1778 nostrum
1179 1712 1583 1790 dissolvere,
1638 1711 1759 1776 sed
1818 1710 2100 1789 frustra,
2148 1711 2317 1794 quia
2375 1710 2711 1795 proditio-

816 1813 950 1890 nis,
995 1832 1136 1896 qua
1175 1813 1340 1878 olim
1385 1812 1540 1877 Deo
1584 1810 1997 1876 renuntiasti
2029 1818 2102 1875 et
2132 1830 2275 1894 qua
2317 1831 2500 1875 nunc
2544 1811 2718 1874 mihi

819 1913 1214 1977 renuntiare
1275 1912 1570 1994 cogitaS,
1624 1912 1895 1976 solvere
1938 1929 2184 1995 poenas
2227 1911 2432 1975 modo
2480 1911 2717 1990 debes»,

820 2013 986 2095 quia
1019 2013 1169 2096 jam
1213 2012 1696 2077 miserabiliter
1746 2011 2209 2093 submergeris
2239 2011 2291 2090 3’
2352 2017 2423 2074 et
2469 2017 2715 2075 tenens

820 2132 978 2176 eum
1006 2112 1320 2176 diabolus
1357 2111 1461 2175 ita
1493 2111 1922 2191 immobilem,
1952 2110 2140 2192 fecit,
2176 2111 2363 2194 quod
2392 2130 2517 2174 nec
2554 2131 2720 2193 pro-

820 2209 1063 2275 cedere
1084 2231 1210 2275 nec
1240 2211 1314 2274 in
1340 2211 1528 2274 latus
1549 2210 1829 2292 aliquod
1857 2211 2079 2274 valuit
2106 2210 2475 2274 declinare.
2522 2209 2715 2274 Dum

821 2311 971 2374 haec
997 2317 1362 2392 agerentur
1392 2311 1465 2374 in
1493 2309 1800 2387 flumine,
1823 2310 1932 2373 vir
1958 2309 2103 2374 *Dei
2122 2308 2483 2386 WlfricuS,
2508 2311 2719 2373 rebus

824 2429 981 2492 quae
1033 2409 1290 2474 fiebant
1328 2429 1372 2474 a
1414 2410 1569 2474 Deo
1624 2409 1757 2473 sibi
1800 2429 1925 2491 per
1971 2409 2289 2492 spiritum
2332 2408 2719 2492 prophetiae

823 2509 1175 2589 revelatis,
1220 2509 1499 2575 vocavit
1547 2510 2026 2593 presbyterum
2068 2525 2271 2572 suum
2316 2508 2406 2573 ad
2450 2527 2551 2587 se,
2598 2529 2721 2574 no-

824 2612 1007 2675 mine
1033 2610 1478 2687 Brithricum,
1507 2617 1581 2674 et
1609 2610 1734 2686 ait,
1756 2607 2172 2686 ‘Accelera,’
2194 2609 2444 2690 inquit,
2468 2614 2487 2643 ‘
2509 2616 2581 2673 et
2602 2628 2717 2673 as-
2808 2600 2813 2603 ’

825 2717 1105 2793 sumpta
1139 2730 1339 2774 cruce
1368 2728 1524 2773 cum
1561 2728 1748 2792 aqua
1780 2709 2145 2773 benedicta
2182 2728 2464 2772 occurre
2498 2708 2725 2773 homi·
2814 2710 2829 2721 “

826 2810 921 2887 ni,
952 2828 1156 2891 quem
1189 2808 1505 2874 diabolus
1532 2808 1607 2873 in
1636 2808 1840 2886 vado,
1870 2808 2056 2891 quod
2088 2816 2292 2872 extra
2320 2807 2556 2872 villam
2586 2818 2723 2888 est,

825 2909 1180 2990 captivum
1243 2915 1457 2986 tenet,
1507 2915 1580 2972 et
1624 2927 2001 2991 aspergens
2060 2928 2216 2971 eum
2270 2926 2457 2991 aqua
2511 2909 2723 2973 bene-

827 3008 1014 3071 dicta
1043 3007 1348 3071 adduces
1377 3008 1465 3071 ad
1495 3028 1605 3071 me
1629 3006 1669 3087 3’
1718 3015 1795 3072 at
1824 3007 1941 3071 ille
1975 3028 2133 3071 cum
2178 3027 2449 3071 summa
2478 3009 2720 3073 celeri-

813 3115 972 3171 tate
1015 3109 1105 3173 ad
1152 3108 1494 3191 imperata
1542 3108 1677 3171 iter
1722 3108 2056 3191 arripiens
2096 3107 2388 3185 invenit,
2434 3108 2617 3172 sicut
2656 3110 2723 3173 ei

827 3207 1086 3271 dictum
1120 3207 1370 3285 fuerat,
1396 3207 1740 3271 hominem
1770 3208 1845 3271 in
1869 3206 2048 3271 vado
2078 3226 2256 3289 equo
2286 3208 2724 3287 insidentem,

826 3306 929 3371 ita
971 3314 1043 3370 et
1087 3306 1158 3369 in
1209 3326 1395 3389 aqua
1433 3307 1875 3371 immobiliter
1919 3307 2161 3385 fixum,
2208 3307 2393 3389 quod
2438 3306 2523 3371 de
2566 3308 2723 3373 loco

827 3426 968 3469 non
1001 3405 1230 3487 potuit
1267 3425 1344 3470 se
1374 3425 1650 3470 movere
1677 3427 1695 3486 ;
1750 3426 1955 3489 quem
1988 3414 2068 3471 ut
2100 3405 2277 3471 vidit
2311 3407 2727 3485 Brithricus,

827 3505 1146 3587 protinus
1188 3504 1260 3568 in
1297 3505 1622 3570 virtutem
1670 3507 1987 3589 magistri
2021 3508 2146 3569 sui'
2174 3526 2358 3589 aqua
2401 3507 2723 3571 benedie-

827 3614 904 3669 ta
945 3604 1289 3668 hominem
1334 3605 1753 3687 perfundens
1795 3607 1867 3669 in
1924 3607 2201 3670 nomine
2242 3605 2289 3670 J
2294 3626 2417 3671 esu
2464 3606 2727 3671 Christi

827 3704 1134 3788 praedam
1200 3704 1510 3768 excussit
1562 3713 1634 3769 et
1686 3704 2077 3788 praedonem
2138 3704 2435 3786 fugavit,
2486 3706 2727 3790 sicque

827 3805 1181 3887 captivum
1230 3804 1317 3868 de
1360 3804 1563 3886 aquis
1610 3823 1966 3869 assumens
2012 3824 2167 3869 cum
2224 3805 2473 3870 laetitia
2518 3805 2727 3871 duxit

827 3906 915 3968 ad
943 3904 1169 3969 virum
1199 3904 1357 3981 Dei,
1387 3904 1505 3986 qui
1537 3904 1813 3968 interim
1853 3924 1979 3987 pro
2016 3903 2292 3968 miseria
2330 3904 2483 3988 ejus
2515 3924 2727 3970 orans

826 4023 1072 4067 manus
1122 4003 1421 4068 habebat
1461 4004 1549 4066 ad
1603 4004 1855 4067 Deum.
1961 4002 2396 4087 Sequebatur
2442 4024 2485 4068 a
2528 4014 2729 4089 tergo

826 4103 1094 4166 daemon
1147 4104 1494 4185 quondam
1544 4103 1887 4168 hominem
1946 4123 2171 4181 suum,
2226 4124 2430 4186 quem
2481 4106 2728 4170 videns

826 4209 1127 4267 stantem
1177 4209 1336 4265 ante
1395 4204 1615 4267 virum
1673 4203 1805 4267 Dei
1861 4204 2316 4285 apprehendit
2373 4206 2526 4269 eum
2585 4206 2729 4269 cla·
