3108 5059
811 462 942 528 150
1314 480 1584 528 nocam
1634 480 1731 526 nn
1778 478 2192 528 wimnovssn

490 649 602 739 gg·
623 650 737 738 ¹⁰2¹}-
813 638 1035 702 lorum
1084 636 1280 701 Deus
1324 638 1761 719 omnipotens
1807 643 1916 702 est
1958 643 2031 700 et
2078 655 2205 718 pro
2260 635 2361 700 eis
2421 638 2719 716 pugnat,

494 709 793 806 {ww-⁸1¹2·-
819 746 944 802 aut
981 744 1217 800 noster
1264 737 1461 801 nobis
1499 737 1723 800 iratus
1764 744 1871 802 est
1904 744 1976 800 et
2013 756 2141 800 nos
2184 734 2388 798 nimis
2428 741 2709 798 austero

820 837 1050 902 surore
1100 836 1456 918 redarguit
1499 843 1571 900 et
1617 837 1941 919 castigat.
2048 833 2397 918 Quicquid
2448 833 2723 897 contin-

824 943 967 1020 get,
1008 936 1140 999 hoc
1179 936 1334 1012 erit,
1366 935 1553 1017 quod
1591 935 1664 999 in
1709 955 1827 1000 eos
1864 935 2091 999 denuo
2126 954 2263 998 non
2306 934 2561 1014 erigar,
2595 931 2719 996 sed

825 1035 913 1100 ad
970 1036 1265 1118 patriam
1314 1054 1538 1098 meam
1591 1035 2114 1117 ignominiosuS,
2176 1034 2395 1098 donec
2452 1032 2724 1108 vixero,

825 1133 1179 1198 revertar.'
1270 1134 1410 1198 His
1448 1134 1679 1212 dictis,
1726 1135 2041 1200 luctuose
2072 1133 2625 1216 conquerebatur
2652 1139 2726 1195 et

825 1234 1337 1299 lamentabatur
1357 1233 1676 1316 suspiriis
1702 1233 2175 1318 lachrymosis.
2238 1232 2487 1296 Turcis
2509 1230 2726 1312 igitur

825 1333 1063 1415 sugam
1099 1334 1616 1411 meditantibuS,
1650 1353 1863 1416 eques
1904 1332 2185 1415 quidam
2227 1331 2727 1411 LotharinguS,

828 1434 948 1516 qui
979 1433 1050 1496 in
1081 1433 1356 1514 agmine
1389 1441 1701 1498 extremo
1736 1453 1895 1498 cum
1920 1433 2096 1497 duce
2135 1439 2288 1496 erat
2318 1428 2725 1506 Godefrido,

831 1551 874 1595 a
907 1533 1240 1597 lateribus
1291 1533 1613 1616 equitans
1658 1533 2047 1598 libertatem
2098 1532 2284 1614 fugae
2324 1540 2397 1596 et
2440 1549 2725 1611 campos

829 1631 1119 1696 abstulit
1173 1652 1467 1712 omnes;
1530 1631 1713 1696 unde
1776 1633 1913 1715 ipsi
1972 1652 2017 1695 a
2054 1632 2228 1696 duce
2284 1630 2355 1694 N
2360 1649 2727 1695 ormanno-

830 1752 1006 1810 rum,
1058 1732 1178 1814 qui
1228 1733 1304 1796 in
1356 1732 1581 1815 prima
1628 1733 1777 1797 acie
1826 1740 1979 1796 erat
2036 1750 2193 1795 cum
2256 1731 2607 1813 equitibus
2652 1737 2724 1793 et

830 1831 1239 1913 sagittariis,
1271 1832 1617 1915 penetrati
1650 1839 1722 1895 et
1756 1833 1843 1895 ab
1888 1832 2219 1895 extremis
2252 1830 2527 1907 inclusi,
2556 1829 2726 1893 caesi

832 1937 994 1994 sunt
1039 1931 1125 1994 ad
1172 1932 1472 1996 fidelium
1519 1931 1948 1996 voluntatem
1986 1951 2007 2011 ς
2070 1930 2553 1995 Admiravisus
2598 1948 2727 1992 au-

833 2040 971 2094 tem
1029 2050 1240 2113 super
1303 2032 1811 2094 dromedarium
1880 2029 2151 2113 positus
2215 2030 2459 2113 rapido
2517 2047 2727 2092 cursu

831 2130 982 2213 ejus
1011 2131 1259 2195 evasit.
1365 2129 1644 2194 Collata
1684 2131 1900 2211 igitur
1932 2129 2249 2193 fidelibus
2284 2130 2369 2193 de
2408 2129 2727 2212 supernis

830 2229 1147 2306 victoria,
1177 2230 1247 2293 in
1288 2229 1591 2292 hostium
1625 2238 1855 2294 castra
1897 2237 2134 2293 noster
2176 2229 2495 2311 pervenit
2528 2248 2725 2291 exer-

831 2329 1035 2404 cituS,
1081 2328 1199 2391 ubi
1245 2335 1511 2392 tantam
1558 2330 1735 2406 auri,
1782 2330 2081 2410 argenti,
2127 2329 2339 2392 variae
2386 2329 2727 2410 supellec-

831 2427 972 2491 tilis
1011 2434 1081 2492 et
1113 2448 1564 2509 gemmarum,
1612 2429 2147 2510 divitiarumque
2183 2428 2728 2510 peregrinarum,

831 2548 1122 2612 quarum
1173 2529 1479 2611 cognitio
1538 2527 1797 2593 nostris
1859 2528 2255 2611 regionibus
2305 2539 2413 2593 est
2458 2527 2727 2611 ignota,

829 2629 1100 2711 copiam
1165 2629 1454 2706 invenit,
1518 2635 1599 2693 ut
1655 2647 1876 2712 usque
1941 2628 2030 2692 ad
2092 2647 2423 2692 nauseam
2488 2629 2728 2692 satiati

829 2728 1038 2791 mella
1079 2728 1474 2793 fastidirent
1508 2735 1583 2793 et
1623 2728 2007 2811 placentaS,
2042 2736 2114 2792 et
2148 2728 2471 2791 minimus
2503 2727 2732 2791 dicere

828 2828 1074 2909 possit,
1123 2821 1177 2861 ¹‘
1208 2828 1494 2911 Inopem
1541 2848 1653 2891 me
1700 2829 1907 2911 copia
1952 2826 2163 2891 fecit.²
2275 2828 2444 2891 Dux
2496 2834 2729 2892 autem

832 2926 1183 2991 Robertus
1243 2928 1411 2991 emit
1453 2926 1906 2991 standardum
1954 2929 2043 2991 ab
2084 2927 2195 3003 iis,
2230 2928 2350 3010 qui
2399 2927 2573 2991 illud
2618 2948 2728 2993 re-

831 3025 1186 3091 tinuerunt
1240 3027 1400 3090 dum
1449 3027 1568 3091 ille
1633 3026 1869 3091 hostes
1916 3026 2417 3110 insequeretur,
2474 3026 2730 3109 viginti

830 3126 1078 3205 marcis
1124 3126 1421 3207 argenti,
1459 3135 1534 3191 et
1578 3125 1780 3190 duxit
1822 3126 1993 3189 illud
2031 3126 2245 3210 juxta
2289 3126 2732 3209 sepulchrum

831 3224 1115 3288 Domini
1150 3225 1236 3287 ad
1283 3233 1801 3291 monumentum
1835 3234 1978 3290 tam
2023 3226 2447 3289 memorandi
2486 3227 2734 3291 trium-

830 3323 990 3405 phi3
1043 3324 1224 3389 alius
1284 3344 1562 3408 quoque
1613 3344 1847 3391 ensem
1906 3325 2215 3409 ejusdem
2266 3325 2435 3389 emit
2484 3324 2731 3392 Admi-

830 3423 1043 3487 ravisi
1088 3424 1408 3488 bizantiis
1459 3419 1980 3507 ²quadraginta.
2084 3424 2201 3488 Sic
2248 3426 2489 3507 igitur,
2548 3426 2733 3509 fugi-

832 3523 1106 3586 entibus
1151 3524 1593 3601 adversariiS,
1647 3525 1880 3607 palma
1931 3524 2187 3587 nostris
2244 3524 2513 3589 caelitus
2567 3546 2731 3591 con-

830 3640 1051 3700 cessa,
1095 3641 1252 3687 cum
1296 3624 1566 3705 ingenti
1612 3625 1872 3705 gaudio
1917 3624 2178 3688 reversi
2224 3631 2390 3689 sunt
2431 3625 2507 3689 in
2554 3625 2730 3689 Hie-

827 3722 1152 3799 rusalem,
1215 3716 1573 3787 ’'manibus
1636 3723 1909 3788 onerati
1973 3724 2279 3806 praedam
2346 3723 2730 3790 inauditam

825 3840 1058 3885 secum
1100 3822 1476 3887 trahentes.

896 4025 911 4055 ¹
939 4025 1181 4099 Inopem]
1208 4002 1365 4084 ov'id.
1388 4034 1517 4083 Met.
1547 4034 1640 4083 lib.
1672 4033 1750 4083 iii.
1871 4028 1893 4061 ²
1920 4028 2324 4101 Quadraginta]
2363 4033 2382 4062 ‘
2402 4035 2680 4098 Sexaginta
2698 4032 2729 4096 ς’

822 4113 952 4148 vers·
977 4104 1094 4150 466.
1804 4102 2030 4163 Baldric,
2051 4118 2104 4164 p.
2125 4106 2237 4152 138.

1874 4169 1895 4200 ³
1914 4171 2194 4235 Manibus]
2226 4170 2561 4237 ‘Manubiis,'
2600 4175 2659 4225 C.
