3108 5059
434 853 544 894 Aa).
568 853 679 892 11⁵1.

434 903 645 951 uara-¹230
664 901 713 940 of

750 461 882 526 248
1270 471 1538 520 noenu!
1589 471 1683 518 nn
1729 470 2146 519 wnnnovnu

760 705 935 786 Quod
964 704 1093 770 chan
1124 704 1533 768 Normanniae
1557 703 1869 768 Hem-icus
1887 701 2150 766 Alimo-
2177 700 2360 778 duoeit
2391 721 2662 765 uxorem.

856 829 1064 894 Anno
1105 828 1384 893 Domini
1430 831 1630 893 Mcm'.
1667 828 1810 892 dux
1855 827 2418 892 Normannorum
2460 824 2663 888 Hen-

434 954 510 993 ιιι.
526 953 641 992 aune
656 952 703 990 οι
758 930 942 994 ricus
1004 928 1207 994 duxit
1271 927 1560 992 Alienor
1630 927 1976 1010 quondam
2041 927 2380 1008 reg-inam,
2449 944 2661 1007 quam

436 1003 697 1050 Nommdy.

438 1053 523 1092 ma
540 1052 597 1091 ιι.
612 1061 711 1090 con·
762 1028 1176 1092 Lodowicus
1224 1047 1348 1091 rex
1401 1046 1586 1091 anno
1635 1027 1989 1109 praeterito
2032 1033 2318 1109 propter
2366 1043 2665 1088 consan-

440 1112 683 1151 sequence·-

760 1127 1175 1211 guinitatem
1215 1126 1594 1203 dimiserat,
1633 1133 1704 1190 et
1736 1126 1838 1190 sic
1863 1125 2091 1190 factus
2123 1132 2232 1189 est
2265 1124 2410 1188 dux
2441 1123 2667 1205 Aqui-

762 1229 972 1292 tanioe
1016 1234 1089 1290 et
1142 1245 1373 1291 comes
1428 1225 1792 1302 Pictaviae,
1837 1226 1959 1308 qui
2007 1225 2198 1307 prius
2241 1223 2470 1288 fuerat
2513 1223 2664 1286 dux

765 1326 1329 1391 Normannorum
1394 1332 1465 1389 et
1529 1325 1776 1390 consul
1842 1325 2429 1406 Andegavorum3
2495 1316 2666 1405 'quo

765 1426 1029 1504 audito,
1060 1445 1187 1489 rex
1219 1425 1644 1489 Francorum
1679 1424 2092 1488 Lodowicus
2134 1429 2518 1487 commotus
2557 1431 2670 1486 est

764 1525 1207 1591 vehementer
1264 1531 1510 1588 contra
1569 1525 1812 1589 ducem
1873 1523 2283 1600 Henricum,
2331 1542 2415 1586 eo
2475 1521 2667 1604 quod

766 1631 1102 1708 genuerat
1142 1625 1319 1688 duas
1370 1624 1548 1688 filias
1597 1643 1685 1688 ex
1736 1624 2071 1706 praedicta
2115 1621 2427 1700 Alienor,
2488 1641 2667 1704 qua·

767 1730 1050 1807 propter
1083 1723 1306 1788 noluit
1338 1729 1419 1786 ut
1462 1723 1587 1786 illa
1631 1724 1720 1786 ab
1763 1723 1998 1805 aliquo
2042 1721 2222 1786 filios
2259 1723 2671 1804 susciperet,

768 1843 893 1906 per
923 1843 1098 1906 quos
1132 1823 1742 1887 exhaeredarentur
1769 1821 1932 1886 filiae
1967 1829 2386 1887 memoratae.
2491 1820 2674 1885 Post

769 1922 1020 1987 festum
1049 1919 1216 1988 v'ero
1256 1922 1482 1986 sancti
1516 1921 1563 1986 J
1569 1922 1888 1998 ohannis,
1928 1941 2082 1985 cum
2126 1921 2272 1984 dux
2319 1920 2672 1985 Henricus

771 2029 956 2086 esset
999 2023 1182 2105 apud
1231 2021 1771 2099 Barbefluvium,
1818 2028 1900 2084 ut
1942 2022 2028 2084 ad
2063 2019 2392 2102 Angliam
2437 2025 2671 2084 trans·
2695 2029 2710 2036 '

769 2120 1080 2198 fretaret,
1125 2131 1597 2186 convenerunt
1642 2122 1715 2185 in
1768 2140 1981 2184 unum
2035 2140 2161 2184 rex
2218 2119 2669 2198 Francorum,

772 2219 1191 2283 Eustachius
1243 2219 1427 2284 filius
1465 2221 1651 2302 regis
1706 2219 2066 2302 Stephani,
2117 2238 2348 2284 comes
2401 2218 2673 2283 Rober-

771 2326 885 2383 tus
948 2317 1389 2397 Perticensis,
1452 2339 1682 2383 comes
1748 2319 2099 2383 Henricus
2129 2317 2670 2401 ‘Campanensis

772 2425 844 2482 et
890 2415 1269 2483 Gauii-idus
1324 2418 1539 2482 frater
1582 2419 1779 2483 ducis
1826 2418 2140 2496 Henrici,
2195 2438 2352 2481 cum
2401 2418 2668 2501 ingenti

774 2518 977 2601 copia
1016 2515 1463 2597 armatorum,
1504 2526 1587 2583 ut
1605 2519 1764 2584 duci
1797 2518 2106 2584 Henrico
2144 2517 2674 2599 Normanniam,

769 2617 1251 2701 Andegaviam
1299 2639 1452 2684 cum
1502 2619 1760 2684 ducatu
1808 2618 2236 2702 Aquitaniae,
2287 2625 2359 2683 et
2397 2639 2671 2684 omnem

773 2725 1026 2783 terram
1070 2739 1215 2783 suae
1248 2720 1740 2784 dominationis
1796 2718 2168 2797 auferrent,
2212 2738 2422 2801 quam
2460 2716 2674 2783 etia'm

772 2817 845 2880 hi
904 2819 1210 2900 quinque
1265 2819 1393 2882 viri
1462 2826 1784 2901 potentes
1853 2820 2036 2883 inter
2098 2838 2174 2883 se
2237 2838 2678 2902 praepropere

773 2917 1180 2980 diviserunt.
1304 2916 1815 2983 Convenientes
1891 2919 2107 3001 igitur
2185 2936 2423 2981 omnes
2485 2920 2674 3001 apud

776 3014 1495 3094 Novum-*mercatum‚
1535 3026 1840 3082 castrum
1883 3018 2240 3082 obsidione
2286 3019 2682 3095 cinxerunt,

770 3122 844 3185 et
886 3115 1168 3179 fratrem
1201 3115 1396 3180 ducis
1440 3116 1854 3181 Gaufridum
1895 3118 2233 3182 miserunt
2264 3137 2420 3181 cum
2464 3118 2678 3181 manu

777 3224 1069 3292 armata,
1125 3222 1205 3278 ut
1266 3224 1511 3281 contra
1572 3218 1812 3281 ducem
1866 3216 2347 3300 Andegaviam
2404 3218 2680 3301 expug-

777 3321 999 3391 naret.
1126 3314 1306 3378 Haec
1354 3316 1643 3379 audiens
1695 3316 1840 3380 dux
1891 3316 2240 3381 Henricus
2287 3318 2578 3382 recessit
2635 3339 2680 3383 a

780 3411 1250 3489 Barbefluvio,
1308 3415 1592 3479 obsesso
1655 3416 1942 3481 castello
2005 3436 2131 3499 pro
2197 3417 2456 3482 viribus
2517 3419 2686 3482 sub-

776 3519 1135 3588 venturUS,
1183 3513 1328 3589 sed,
1371 3522 1743 3597 antequam
1785 3515 1930 3581 dux
1968 3516 2134 3579 illuc
2181 3518 2472 3594 veniret,
2524 3519 2684 3581 red-

778 3610 997 3675 ditum
1038 3619 1145 3675 est
1177 3613 1534 3676 castellum
1577 3616 1722 3696 regi
1767 3615 2188 3679 Francorum
2230 3616 2469 3680 fraude
2505 3616 2683 3681 illud

780 3710 1322 3791 observantium,
1369 3732 1450 3777 ac
1500 3714 1561 3777 si
1607 3721 1792 3778 esset
1841 3714 2181 3779 violenter
2238 3722 2682 3799 praereptum.

780 3809 981 3873 Tunc
1015 3811 1161 3874 dux
1204 3811 1554 3875 Henricus
1594 3821 2128 3878 castrametatus
2171 3821 2278 3878 est
2302 3815 2516 3899 juxta
2551 3816 2684 3880 flu-

778 3908 969 3972 vium
1004 3907 1349 3987 Andellae‚
1386 3919 1455 3975 et
1485 3919 1754 3994 partem
1792 3913 1980 3977 illam
2011 3913 2377 3978 wilcasini
2408 3913 2685 3997 afflixit,

778 4026 937 4089 quae
970 4014 1079 4071 est
1107 4010 1288 4073 inter
1321 4010 1552 4075 Iccam
1586 4012 1868 4077 flumina
1894 4021 1966 4077 et
1998 4011 2394 4080 Andellam.
2501 4014 2682 4083 Haec

1094 4222 1109 4253 ¹
1135 4226 1245 4281 Quo
1266 4226 1477 4291 audita]
1511 4227 1699 4277 Chron.
1726 4228 1970 4277 Norman.
1995 4243 2048 4289 p.
2070 4232 2187 4291 985,
2208 4226 2234 4295 ξ
2255 4244 2302 4279 c.
