3108 5059
875 472 1006 541 106
1389 486 1659 534 nocmu
1706 486 1801 534 ns
1847 485 2259 534 wannovssn

549 667 660 707 ΑΗΒ
683 668 796 708 ιοοε.
873 643 1286 708 instruebat.
1339 642 1795 708 Boamundus
1818 662 2123 727 quoque,
2152 662 2355 709 versa
2371 641 2552 721 vice,
2568 643 2776 709 amici

545 719 847 812 ιῗῖὃωω..
873 745 984 810 sui
1027 744 1423 810 occultabat
1467 763 1823 822 arcanum,
1870 745 1974 809 ita
2018 751 2096 810 ut
2139 744 2371 810 nullus
2411 744 2775 810 internun-

874 847 1130 910 tiorum
1159 845 1518 911 alterutrae
1552 845 1775 928 partis
1819 845 2102 929 aliquod
2146 855 2570 910 secretorum
2614 864 2777 928 pos-

869 954 984 1012 set
1029 945 1356 1028 colligere
1403 953 1912 1026 argumentum.
2017 944 2333 1029 Cumque
2371 945 2523 1031 jam
2573 946 2777 1029 quasi

873 1048 1228 1113 mensibus
1277 1053 1543 1130 septem
1592 1046 1743 1112 haec
1790 1065 1869 1113 se
1912 1045 2092 1110 inter
2136 1066 2257 1112 eos
2298 1046 2778 1113 continuasset
2875 1094 2878 1096 -

875 1147 1206 1225 amicitia,
1247 1147 1655 1231 plerumque
1694 1144 1975 1212 babitus
2008 1154 2119 1213 est
2160 1167 2387 1214 sermo
2428 1147 2613 1212 inter
2654 1165 2775 1212 eos

876 1248 1222 1333 quomodo
1256 1246 1675 1312 Christianae
1706 1247 2025 1330 religioni
2058 1249 2308 1314 civitas
2334 1247 2778 1329 redderetur3

877 1356 949 1414 et
995 1368 1153 1414 cum
1205 1367 1415 1431 super
1461 1348 1594 1414 boc
1640 1367 1687 1412 a
1728 1349 2139 1415 Boamundo
2186 1348 2469 1432 Emyfer
2518 1349 2777 1433 saepius

877 1456 1062 1514 esset
1115 1456 1523 1528 conventus,
1573 1448 1785 1514 semel
1836 1449 1902 1514 ei
1948 1469 2073 1532 per
2120 1449 2338 1514 filium
2384 1468 2613 1528 suum,
2655 1450 2777 1532 qui

877 1556 1301 1617 secretorum
1335 1556 1488 1614 erat
1520 1549 1825 1634 bajulus,
1855 1550 2111 1616 dicitur
2136 1547 2600 1633 respondisse,
2651 1555 2672 1584 ‘
2702 1549 2777 1614 Si

877 1651 1176 1734 patriam
1220 1649 1534 1734 pristinae
1578 1651 1945 1716 restituere
1990 1650 2322 1729 libertati,
2360 1658 2453 1716 et
2472 1651 2777 1715 exclusis

877 1751 1168 1817 canibus
1210 1750 1607 1829 immundis,
1637 1770 1933 1834 quorum
1962 1751 2273 1817 violenta
2310 1750 2777 1817 dominatione

878 1852 1279 1936 premimur,
1311 1851 1647 1935 populum
1679 1851 1815 1916 Dei
1862 1851 2198 1918 cultorem
2242 1869 2517 1936 possem
2560 1853 2779 1916 intro-

879 1952 1155 2033 ducere,
1193 1958 1425 2020 certus
1477 1972 1633 2016 sum
1674 1952 1861 2036 quod
1905 1972 2065 2018 cum
2112 1953 2373 2018 sanctis
2416 1953 2779 2018 animabus

879 2061 1158 2119 aeternae
1207 2052 1657 2117 beatitudinis
1704 2053 1997 2137 praemia,
2040 2052 2455 2136 possidebo;
2506 2053 2567 2117 si
2610 2072 2777 2118 vero

877 2174 1023 2218 rem
1051 2147 1399 2236 inceptam
1442 2172 1919 2217 consummare
1953 2153 2353 2237 nequivero,
2379 2152 2621 2236 procul
2651 2155 2779 2217 du-

876 2254 992 2319 bio
1027 2252 1274 2318 domus
1317 2268 1473 2316 mea
1503 2259 1577 2318 et
1612 2253 1967 2336 praeclarae
2001 2271 2252 2320 nomen
2281 2251 2563 2318 familiae
2604 2273 2776 2319 meae

877 2353 1241 2433 delebitur,
1275 2353 1378 2418 ita
1405 2360 1486 2418 ut
1517 2373 1658 2418 non
1691 2361 2109 2419 memoretur
2141 2372 2397 2421 nomen
2434 2352 2621 2419 illius
2670 2355 2777 2419 ul-

756 2523 759 2531 ,
879 2461 1038 2535 tra;
1104 2453 1225 2518 sed
1274 2455 1335 2518 si
1385 2461 1464 2518 tu
1514 2453 1647 2520 hoc
1692 2473 1934 2539 posses
1984 2454 2169 2539 apud
2218 2462 2379 2520 tuos
2422 2461 2778 2520 consortes

878 2556 1216 2634 obtinere,
1262 2554 1448 2638 quod
1493 2555 1874 2635 civitatem,
1918 2576 2071 2621 meo
2114 2556 2241 2621 tibi
2285 2555 2519 2622 studio
2562 2556 2777 2622 tradi-

875 2664 1045 2735 tam,
1074 2664 1268 2721 tuam
1300 2656 1751 2741 appropriare
1780 2664 1852 2722 et
1884 2656 1958 2723 in
1988 2663 2147 2722 tuos
2176 2675 2345 2722 usus
2375 2664 2777 2723 convertere

876 2758 1243 2835 voluisseS,
1275 2777 1406 2841 ego
1442 2758 1547 2823 tui
1590 2757 1822 2839 gratia
1862 2757 1950 2822 ad
1994 2775 2173 2841 opus
2214 2757 2626 2842 praedictum
2668 2774 2777 2823 me

876 2857 1259 2939 accingam,
1306 2864 1378 2922 et
1422 2857 1668 2921 turrim
1718 2876 1943 2921 meam
1994 2857 2525 2924 munitissimam
2572 2857 2777 2937 hanc,

873 2951 984 3023 ut¹
1039 2957 1258 3036 vides,
1308 2957 1436 3022 tibi
1479 2957 1776 3037 tradam,
1824 2957 2005 3024 unde
2058 2958 2481 3043 principibus
2525 2958 2777 3025 vestris

875 3057 1050 3123 liber
1087 3059 1161 3123 in
1201 3058 1556 3123 civitatem
1602 3066 1843 3142 patere
1881 3048 2140 3143 poterit
2177 3059 2559 3143 ingressus.
2661 3058 2775 3125 Ad

878 3158 1052 3237 haec,
1089 3160 1394 3238 noveriS,
1428 3158 1617 3244 quod
1662 3160 1799 3223 nisi
1839 3158 1971 3239 hoc
2022 3160 2097 3223 in
2144 3160 2464 3244 proximo
2513 3160 2663 3239 fiat,
2704 3161 2778 3225 in

875 3268 1286 3344 perpetuum
1314 3259 1690 3338 differetur,
1723 3260 2015 3325 veniunt
2056 3260 2237 3325 enim
2280 3262 2354 3325 in
2396 3261 2778 3326 subsidium

875 3360 1186 3426 civitatis
1217 3379 1308 3425 ex
1338 3362 1524 3425 omni
1557 3362 1823 3426 oriente
1854 3362 2167 3444 equitum
2198 3362 2503 3427 ducenta
2534 3362 2778 3440 millia,

876 3462 995 3544 qui
1018 3461 1168 3546 jam
1192 3460 1378 3525 circa
1393 3460 1817 3544 Euphratem
1844 3468 2078 3530 castra
2104 3462 2547 3527 statuerunt-⁹
2598 3461 2780 3527 Haec

877 3561 1166 3626 audiens
1207 3561 1657 3627 Boamundus
1700 3563 1895 3628 venit
1938 3562 2015 3626 in
2054 3569 2286 3628 castra
2333 3570 2429 3641 et,
2475 3561 2778 3647 majores

874 3662 1220 3746 principes
1253 3664 1533 3754 auturba
1572 3680 1884 3728 seorsum
1926 3663 2303 3742 advocanS,
2335 3664 2441 3727 ita
2478 3662 2775 3747 alloqui-

876 3772 992 3828 tur
1035 3763 1295 3841 dicens,
1347 3768 1368 3797 ‘
1399 3762 1627 3829 Video
1680 3782 1833 3842 voS,
1876 3762 2127 3829 fratres
2194 3764 2648 3842 dilectissimi,
2692 3764 2778 3829 de

875 3864 1182 3930 adventu
1212 3863 1403 3928 illius
1436 3863 1900 3929 multitudinis
1934 3871 2356 3929 armatorum
2394 3872 2465 3929 et
2496 3864 2773 3929 illorum

875 3964 1070 4027 ducis
1118 3963 1554 4030 Corbaranni
1618 3965 1830 4029 nimia
1890 3964 2355 4030 sollicitudine
2417 3966 2777 4043 macerari,

875 4065 997 4147 qui
1042 4063 1192 4149 jam
1252 4064 1683 4130 obsidionem
1737 4064 2021 4131 Edessae
2074 4066 2409 4145 civitatiS,
2466 4062 2586 4131 ubi
2654 4086 2777 4150 per

875 4172 1020 4228 tres
1056 4164 1484 4249 septimanas
1515 4165 2001 4245 consederunt,
2035 4168 2123 4232 ad
2158 4167 2291 4233 hoc
2326 4167 2779 4250 reliquerunt,

1211 4323 1226 4353 ¹
1261 4326 1332 4375 Ut
1354 4326 1532 4391 videa]
1578 4326 1686 4377 The
1709 4333 1868 4378 tower
1893 4328 1951 4377 of
1967 4328 2051 4378 the
2065 4326 2227 4379 Three
2250 4328 2449 4379 Sisters.
