3108 5059
887 512 1169 561 rmnss
1214 512 1756 564 msronuuwu.
2137 502 2268 566 411

362 672 661 738 dicabat.
753 672 933 739 Haec
970 672 1259 738 audiens
1286 693 1413 738 rex
1446 680 1670 756 pater,
1701 667 2112 739 ¹iracundiae
2147 676 2266 740 ca·
2290 691 2540 732 Anu-118³-

360 773 509 837 lore
542 792 946 852 succensuS,
976 773 1313 839 adversus
1346 772 1776 839 Richardum
1803 774 1983 839 dura
2009 795 2269 858 propo-

364 874 531 949 suit,
570 880 667 951 et,
708 881 791 939 ut
816 893 942 938 rex
963 874 1203 958 junior
1239 872 1329 939 ad
1372 874 1828 938 edomandam
1868 874 2106 939 fratris
2153 895 2271 940 su..

364 973 675 1056 perbiam
702 981 895 1041 totus
916 974 1329 1057 insurgeret,
1352 980 1754 1038 constanter
1773 974 2052 1041 indixit.
2115 974 2272 1040 Ha-

364 1074 531 1138 bitis
558 1075 742 1139 inter
770 1094 845 1138 se
876 1073 1239 1156 colloquiis
1265 1073 1690 1157 frequenter,
1709 1093 1868 1139 cum
1895 1074 2092 1139 nulla
2107 1094 2272 1158 spes

362 1173 450 1239 de
482 1194 657 1256 pace
684 1174 1078 1251 haberetur,
1111 1192 1241 1237 rex
1260 1172 1545 1258 juvenis
1576 1173 1882 1257 undique
1909 1175 2270 1257 copiosum

368 1274 826 1357 congregavit
857 1273 1263 1350 exercitum,
1296 1280 1391 1351 et,
1411 1272 1578 1337 dum
1606 1273 1934 1356 congredi
1959 1294 2114 1339 cum
2133 1274 2272 1339 fra-

370 1380 477 1437 tre
516 1392 645 1438 suo
680 1372 1129 1450 decrevisset,
1165 1373 1463 1455 praecisa
1494 1380 1630 1452 est,
1657 1373 1850 1438 velut
1886 1393 1944 1438 a.
1963 1381 2273 1453 texente,

365 1474 517 1538 vita
550 1473 612 1558 ej
621 1493 729 1552 uS,
758 1474 879 1556 qui
910 1492 1104 1556 spem
1135 1473 1509 1539 multorum
1538 1472 1865 1538 deficiens
1909 1474 2224 1557 praecidit
2249 1495 2272 1554 ;

367 1572 713 1656 siquidem
769 1574 845 1637 in
904 1573 1075 1637 flore
1115 1574 1513 1658 juventutis
1568 1592 1741 1651 suae,
1790 1592 1946 1638 cum
2012 1594 2272 1638 annum

370 1674 604 1737 aetatis
662 1672 1076 1755 vigesimum
1139 1680 1466 1738 octavum
1520 1674 2029 1756 complevisset,
2088 1674 2274 1739 intra

370 1772 817 1851 Gasconiam,
869 1772 941 1836 in
982 1772 1107 1837 illo
1156 1780 1387 1838 tractu
1433 1779 1638 1838 terrae
1699 1792 1858 1857 quae
1911 1773 2276 1839 Turonnia

370 1872 648 1951 dicitur,
710 1863 897 1956 apud
953 1873 1317 1939 castellum
1376 1872 1639 1938 Martel
1686 1873 1760 1937 in
1812 1873 1994 1937 festo
2047 1874 2273 1937 sancti

372 1974 719 2039 Barnabae
770 1972 1072 2057 apostoli
1114 1993 1242 2037 rex
1283 1972 1527 2057 junior
1565 1967 1642 2037 ²e
1681 1972 1908 2038 medio
1951 1980 2060 2038 est
2106 1974 2273 2037 sub-

369 2080 681 2153 tractus3
744 2092 997 2157 corpus
1059 2079 1294 2137 autem
1356 2073 1433 2137 in
1474 2072 1678 2137 lineis
1721 2073 2056 2151 vestibus»,
2096 2092 2275 2156 quas

373 2172 619 2237 habuit
680 2172 756 2236 in
812 2173 1329 2239 consecratione
1404 2190 1606 2237 sacro
1669 2171 2041 2237 chrismate
2104 2174 2274 2237 deli-

370 2274 605 2347 butaS,
664 2273 993 2355 regaliter
1048 2271 1439 2337 involutum
1502 2272 1692 2355 apud
1754 2271 2278 2355 Rothomagum

371 2372 679 2437 delatum
726 2381 859 2449 est,
904 2379 975 2437 et
1016 2370 1089 2434 in
1128 2371 1420 2437 ecclesia
1448 2373 1832 2437 cathedrali
1867 2392 2084 2456 prope
2127 2392 2276 2437 ma-

360 2472 483 2558 jus
537 2473 761 2539 altare
809 2491 969 2538 cum
1028 2471 1291 2537 honore
1346 2478 1544 2538 tanto
1600 2471 1912 2556 Principi
1965 2491 2278 2555 congruo

370 2573 779 2638 tumulatur.
883 2573 1143 2637 Eodem
1184 2591 1372 2637 anno
1419 2572 1786 2650 Girardus,
1819 2580 2276 2654 cognomento

373 2673 649 2751 Puella,
682 2679 1127 2738 consecratus
1168 2671 1535 2756 episcopus
1571 2671 2088 2751 CoventrensiS,
2130 2674 2277 2755 qui,

370 2793 530 2838 cum
563 2774 803 2838 decem
834 2773 1243 2855 septimanis
1270 2772 1592 2850 sedisset,
1619 2773 1692 2836 in
1726 2771 1880 2836 fata
1906 2773 2272 2838 concessit.

374 2873 639 2939 Eodem
703 2879 1011 2956 tempore
1062 2872 1422 2944 Walterus
1475 2871 1562 2935 de
1610 2871 2067 2951 Constantiis,
2111 2871 2276 2936 Lin-

375 2971 747 3037 colniensis
798 2971 1116 3050 antistes,
1178 2971 1252 3035 in
1301 2970 1631 3053 Angliam
1682 2971 1970 3036 veniens
2013 2972 2097 3036 in
2141 2993 2280 3066 sua

376 3074 539 3138 sede
569 3080 679 3138 est
711 3072 1086 3136 solenniter
1113 3071 1688 3136 collocatae..

475 3170 687 3238 Anno
721 3171 1005 3236 Domini
1034 3163 1942 3248 Mcnxxx1v.⁸Richardus,
1963 3169 2273 3234 Cantua-
2298 3188 2409 3229 Δηι)
2431 3187 2544 3228 1184

376 3273 623 3337 riensis
682 3271 1268 3353 archiepiscopus,
1325 3268 1510 3354 apud
1564 3269 1984 3352 Halingum,
2031 3269 2270 3334 villam
2298 3239 2462 3330 ἒξίἒῗιῖῗ

379 3371 726 3437 Roffensis
757 3370 1090 3454 episcopi,
1118 3370 1297 3435 diem
1334 3369 1590 3434 clausit
1619 3377 2029 3434 extremum.
2132 3368 2275 3435 Eo·

376 3473 533 3536 dem
578 3491 763 3536 anno
808 3489 936 3534 rex
969 3470 1321 3535 Henricus
1365 3468 1572 3534 duxit
1613 3469 1686 3533 in
1719 3469 2051 3552 Angliam
2093 3468 2277 3534 Sax-

447 3635 465 3669 ¹
482 3637 758 3688 Iracundia
794 3639 949 3687 calore
984 3629 1303 3705 succensum]
1350 3635 1630 3698 treachery.
1717 3636 1802 3684 He
1839 3635 1960 3684 died
1993 3634 2280 3698 confessing

377 3711 461 3760 He
482 3723 595 3758 was
616 3707 915 3757 afterwards
935 3707 1219 3756 reconciled
1251 3710 1303 3755 to
1353 3706 1432 3755 his
1474 3706 1581 3755 sins
1622 3705 1724 3755 and
1767 3705 1952 3768 asking
1990 3705 2277 3755 absolution

374 3778 727 3839 Richard,and
744 3778 865 3827 took
881 3777 963 3826 his
975 3781 1091 3838 part
1104 3777 1307 3838 against
1350 3776 1479 3826 from
1511 3775 1597 3824 the
1641 3775 1850 3837 hishops
1891 3776 2152 3838 attending
2195 3776 2283 3826 his

376 3852 455 3900 his
476 3848 707 3899 brothers
726 3847 905 3909 Henry
920 3848 1021 3896 and
1044 3846 1302 3908 Geoffrey.
1350 3845 1660 3906 death-bed;
1695 3846 1962 3908 Hoveden,
1984 3861 2038 3908 p.
2059 3849 2177 3895 620.

378 3919 625 3970 Hoveden
655 3918 749 3966 has
784 3918 932 3979 given
965 3931 998 3966 a
1033 3916 1115 3965 far
1143 3917 1305 3965 better
1418 3912 1788 3978 ”Richarduafl
1847 3916 1863 3943 ‘
1880 3915 2029 3965 homo
2072 3915 2276 3977 quidem

378 3990 479 4040 and
499 3989 655 4038 fuller
673 3992 890 4037 account
909 3985 968 4035 of
993 3985 1075 4036 the
1110 3984 1303 4048 history
1352 3986 1672 4034 mediocriter
1689 3984 1944 4035 litteratus
1977 3985 2068 4035 sed
2099 3985 2278 4035 lauda-

374 4061 434 4110 of
449 4061 551 4110 this
571 4057 748 4121 period
768 4074 783 4118 ;
818 4073 870 4119 p.
893 4060 1010 4118 618,
1030 4069 1127 4118 seq.
1351 4054 1521 4104 bilimer
1561 4055 1798 4104 innoxius
1815 4055 1848 4115 3’
1904 4055 2155 4118 Neubrig.
2201 4057 2278 4106 iii.

282 4137 286 4142 '
444 4127 525 4180 ’E
539 4128 693 4177 medio
710 4131 785 4176 est
804 4125 1095 4176 subtractus.
1099 4125 1124 4188 ]
1146 4125 1302 4174 Find-
1351 4121 1376 4188 §
1400 4129 1448 4174 8.
1520 4123 1773 4174 Hoveden
1791 4125 1985 4188 writes,
2017 4125 2129 4174 that
2159 4125 2212 4173 in
2247 4141 2280 4175 a

375 4201 462 4264 ing
474 4197 685 4249 himself
696 4201 814 4258 past
828 4197 958 4258 hope
974 4196 1032 4244 of
1046 4209 1303 4258 recovcry,
1350 4196 1512 4243 vision
1569 4195 1654 4244 the
1709 4195 1841 4243 Lord
1885 4195 2140 4256 appeared
2185 4211 2284 4256 up-

373 4271 437 4320 he
481 4273 594 4319 sent
630 4267 707 4316 for
740 4266 822 4316 his
854 4265 1037 4328 father,
1071 4265 1187 4314 who
1219 4280 1300 4314 re·
1350 4263 1586 4326 braiding
1608 4265 1742 4326 him3
1762 4280 1828 4346 p.
1852 4269 1967 4316 622.
2038 4266 2134 4315 See
2159 4265 2276 4316 Pet.

373 4339 523 4390 fused
568 4343 621 4387 to
664 4352 805 4387 come
850 4341 902 4384 to
946 4335 1070 4398 him,
1105 4335 1301 4396 fem-ing
1352 4334 1631 4398 Blesensis,
1653 4349 1735 4396 ep.
1759 4334 1815 4385 ii.
