3108 5059
848 483 935 548 86
1363 498 1627 545 nocent
1675 497 1770 544 ns
1814 497 2230 545 wannovmae

529 672 777 766 autumer
852 665 970 735 tae,
1019 677 1157 721 non
1205 656 1348 720 tela
1396 657 1645 738 ignita,
1692 675 1833 719 non
1881 655 2147 737 lapides
2188 662 2311 719 aut
2350 653 2567 736 ligna,
2618 669 2757 717 non

528 725 831 818 2112'01‘12’23ffxea.
856 759 1061 836 vireS,
1095 776 1234 821 non
1266 776 1484 834 arma,
1513 776 1651 821 non
1686 756 1979 819 missilia
2008 762 2484 837 augmentata.
2554 755 2756 818 Tunc

856 861 1044 924 cives
1089 858 1178 922 ad
1223 858 1641 922 deditionem
1689 856 2028 939 compulsi
2071 857 2601 938 resignaverunt
2643 875 2759 918 ur..

857 962 1011 1024 bem
1059 953 1358 1022 ¹Tacino
1402 958 1677 1022 cuidam
1721 957 2157 1040 imperatoris
2198 956 2542 1034 ministm,
2572 955 2758 1040 quod

858 1059 1116 1124 nostris
1160 1059 1586 1142 principibus
1627 1057 1715 1121 ad
1758 1057 2025 1141 majora
2076 1056 2607 1140 properantibus
2646 1075 2757 1120 sa·

857 1162 950 1226 tis
984 1160 1270 1242 placuit,
1308 1159 1522 1244 juxta
1556 1157 1743 1241 quod
1771 1157 2000 1222 fuerat
2036 1156 2439 1241 imperatori
2480 1177 2757 1221 conces-

859 1281 1014 1326 sum
1054 1281 1072 1342 ;
1141 1265 1548 1344 receperunt
1602 1265 1835 1322 autem
1885 1258 2231 1341 peregrini
2274 1258 2550 1322 sclavos
2594 1276 2759 1322 suos

861 1381 1124 1438 omneS,
1167 1368 1315 1425 tum
1362 1360 1545 1436 illos,
1586 1360 1707 1442 qui
1753 1360 1827 1423 in
1866 1358 2225 1423 obsidione
2252 1359 2442 1441 capti
2486 1365 2687 1422 erant
2718 1377 2761 1421 a

859 1463 1152 1540 civibus„
1191 1471 1340 1526 tum
1375 1461 1560 1537 illos,
1606 1460 1728 1544 qui
1773 1459 1859 1523 de
1901 1459 2211 1523 exercitu
2255 1458 2449 1523 Petri
2494 1477 2537 1522 a
2574 1457 2757 1522 Soli-

861 1581 1118 1626 manno
1171 1562 1359 1644 capti
1413 1560 1717 1638 fuerant,
1770 1566 1849 1625 ut
1894 1560 2211 1642 superius
2272 1565 2383 1623 est
2438 1560 2758 1623 relatum.

865 1662 1226 1744 Principes
1289 1661 1504 1744 igitur
1544 1653 1863 1725 ²nuntios
1916 1660 2002 1724 ad
2060 1660 2545 1743 imperatorem
2598 1659 2763 1723 diri-

865 1771 1108 1845 gentes
1143 1762 1402 1826 hortati
1437 1767 1604 1826 sunt
1628 1761 2033 1838 instantiuS,
2062 1768 2144 1824 ut
2191 1761 2281 1825 ad
2321 1768 2557 1844 partes
2604 1760 2763 1824 illas

865 1871 971 1928 tot
1021 1864 1107 1927 de
1161 1863 1308 1926 suis
1360 1861 1786 1946 principibus
1834 1859 2071 1928 mittat
2117 1861 2238 1944 qui
2284 1859 2629 1926 sufficiant
2674 1860 2763 1925 ad

865 1964 1250 2029 custodiam
1277 1963 1609 2027 civitatis,
1686 1961 1786 2027 At
1814 1962 2191 2045 imperator
2222 1961 2657 2026 laetabundus
2692 1971 2765 2026 et

867 2064 1180 2147 gaudens
1236 2083 1328 2127 ex
1377 2063 1833 2127 familiaribus
1890 2063 2035 2126 suis
2084 2063 2421 2144 quosdam
2482 2061 2763 2139 direxit,

865 2166 988 2247 qui
1050 2164 1290 2228 urbem
1341 2181 1502 2227 cum
1549 2163 1740 2228 omni
1782 2162 2216 2246 captivorum
2262 2163 2655 2226 substantia
2695 2163 2768 2226 in

870 2285 1041 2328 auro
1087 2271 1158 2328 et
1203 2270 1493 2345 argento
1523 2270 1594 2328 et
1628 2264 1814 2327 omni
1854 2283 2107 2345 genere
2138 2263 2587 2345 supellectilis
2616 2282 2771 2327 sus-

870 2365 1202 2447 ciperent,
1246 2383 1371 2446 per
1398 2383 1575 2447 quos
1627 2365 1837 2428 etiam
1881 2363 2175 2445 singulis
2216 2363 2600 2446 peregrinis
2645 2363 2768 2427 do-

869 2465 1068 2528 naria
1131 2465 1611 2528 transmittens
1672 2462 2009 2547 ingentia,
2068 2471 2216 2528 tam
2274 2463 2495 2528 literis
2558 2483 2767 2547 quam

869 2567 1034 2631 viva
1085 2585 1258 2631 voce
1311 2566 1863 2631 benevolentiam
1924 2565 2359 2648 singulorum
2415 2566 2768 2648 captabat,

872 2676 944 2731 et
974 2687 1106 2751 pro
1142 2674 1284 2731 tam
1313 2666 1661 2731 laborioso
1696 2666 1985 2730 servitio
2020 2673 2092 2730 et
2123 2665 2395 2748 imperii
2428 2666 2540 2729 sui
2570 2673 2770 2731 tanto

871 2768 1296 2831 incremento
1347 2766 1614 2849 gratias
1664 2766 1875 2830 refert
1922 2767 2265 2849 copiosas·
2380 2765 2611 2849 Capta
2666 2776 2773 2831 est

874 2870 1106 2935 'autem
1149 2868 1316 2931 urbs
1366 2866 1613 2931 Nicaea
1660 2886 1843 2931 anno
1895 2864 2182 2931 Domini
2224 2866 2595 2931 millesimo
2646 2887 2766 2931 no-

873 2968 1230 3049 nagesimo
1289 2967 1610 3051 septimo,
1664 2961 1923 3031 ‘'mense
1984 2966 2032 3031 J
2036 2966 2206 3044 ulio,
2250 2964 2605 3050 vigesimo.
2660 2966 2770 3032 die

873 3085 1156 3133 menas·

870 3242 970 3309 De
986 3242 1412 3329 proyressioue
1441 3263 1622 3307 cruce
1661 3242 2047 3329 siqnatorum
2080 3250 2142 3308 et
2169 3241 2469 3309 damnosa
2502 3244 2771 3309 victoria

1644 3342 1989 3407 eorundem.

552 3478 809 3578 sssssssssse‘ssfm,
973 3466 1221 3531 Soluta
1261 3468 1477 3549 igitur
1507 3468 1888 3546 obsidione,
1921 3469 2171 3533 iterum
2216 3469 2545 3535 mandato
2590 3471 2775 3553 prin-

872 3565 1103 3649 cipum
1137 3585 1342 3631 cruce
1373 3567 1807 3650 signatorum
1848 3569 1933 3633 ad
1962 3569 2550 3652 proficiscendum
2594 3572 2775 3636 invi-

872 3672 1062 3731 tatur
1105 3668 1478 3746 exercituS,
1511 3676 1583 3733 et
1624 3670 2027 3752 compositi-s
2070 3671 2361 3735 sarcinis
2405 3671 2613 3735 tertio
2646 3670 2772 3737 ka-

869 3767 1110 3831 lendas
1164 3768 1212 3833 J
1217 3768 1342 3833 ulii
1403 3769 1538 3833 iter
1585 3770 1901 3853 arripuit,
1954 3776 2027 3835 et
2088 3777 2369 3853 pontem
2430 3772 2775 3855 quendam

943 4010 963 4042 ¹
992 4013 1216 4078 Tacina]
1257 4014 1343 4064 He
1376 4016 1422 4064 is
1456 4016 1623 4065 called
1644 4015 1798 4065 Tani-
1917 4013 2121 4067 “Meme
2134 4012 2322 4086 δαιτὶ]
2355 4017 2481 4068 'rhis
2505 4019 2689 4069 should
2708 4022 2773 4071 be

873 4098 971 4133 nus
999 4084 1307 4145 byWilliam
1327 4085 1388 4134 of
1399 4087 1560 4147 Tyre3
1596 4104 1648 4150 p.
1664 4091 1781 4137 671.
1846 4088 1862 4115 ‘
1878 4087 2077 4150 sunio:
2120 4088 2393 4151 according
2436 4094 2489 4139 to
2534 4090 2676 4142 Will.
2720 4092 2782 4141 'of

945 4152 966 4183 ²
981 4155 1272 4203 Nuntiosad
1286 4154 1664 4220 imperatorem]
1691 4157 1799 4207 The
1846 4157 1979 4219 Tyre
2002 4158 2105 4207 and
2127 4159 2209 4207 the
2232 4164 2352 4209 rest.
2426 4160 2522 4210 See
2538 4162 2665 4223 also,
2688 4163 2775 4211 be-

873 4238 1104 4286 message
1128 4238 1246 4287 may
1265 4226 1328 4273 be
1351 4226 1510 4275 found
1532 4232 1587 4277 at
1606 4228 1801 4292 length,
1848 4229 1973 4290 low,
2016 4227 2101 4277 the
2144 4230 2263 4279 date
2300 4229 2359 4278 of
2396 4230 2482 4280 the
2528 4232 2683 4281 battle
2722 4232 2779 4281 of

873 4296 1014 4346 Will.
1039 4296 1160 4356 Tyr.
1183 4312 1235 4359 p.
1259 4300 1372 4347 6⁷2.
1850 4299 2181 4361 Dorylaeum;
2218 4315 2271 4361 p.
2296 4304 2379 4363 89,
2402 4301 2439 4351 l.
2468 4305 2513 4351 ι.
