<?xml version="1.0" encoding="UTF-8"?>
<!DOCTYPE html PUBLIC "-//W3C//DTD XHTML 1.0 Transitional//EN"
    "http://www.w3.org/TR/xhtml1/DTD/xhtml1-transitional.dtd">
<html xmlns="http://www.w3.org/1999/xhtml" xml:lang="en" lang="en">
 <head>
  <title>
</title>
<meta http-equiv="Content-Type" content="text/html;charset=utf-8" />
  <meta name='ocr-system' content='tesseract 3.04.00' />
  <meta name='ocr-capabilities' content='ocr_page ocr_carea ocr_par ocr_line ocrx_word'/>
</head>
<body>
  <div class='ocr_page' id='page_1' title='image "./rogeridewendove00coxegoog_0333.png"; bbox 0 0 3108 5059; ppageno 0'>
   <div class='ocr_carea' id='block_1_1' title="bbox 9 2334 15 2848">
    <p class='ocr_par' dir='ltr' id='par_1_1' title="bbox 9 2334 15 2848">
     <span class='ocr_line' id='line_1_1' title="bbox 9 2334 15 2848; baseline 0 0"><span class='ocrx_word' id='word_1_1' title='bbox 9 2334 15 2848; x_wconf 95' lang='lat' dir='ltr'><strong> </strong></span> 
     </span>
    </p>
   </div>
   <div class='ocr_carea' id='block_1_2' title="bbox 897 467 2285 530">
    <p class='ocr_par' dir='ltr' id='par_1_2' title="bbox 897 467 2285 530">
     <span class='ocr_line' id='line_1_2' title="bbox 897 467 2285 530; baseline 0.004 -5"><span class='ocrx_word' id='word_1_2' title='bbox 897 479 1176 526; x_wconf 66' lang='lat' dir='ltr'><strong>nones</strong></span> <span class='ocrx_word' id='word_1_3' title='bbox 1224 479 1766 529; x_wconf 74' lang='lat' dir='ltr'><strong>ffls&#39;romARUM.</strong></span> <span class='ocrx_word' id='word_1_4' title='bbox 2152 467 2285 530; x_wconf 75' lang='lat'><strong>325</strong></span> 
     </span>
    </p>
   </div>
   <div class='ocr_carea' id='block_1_3' title="bbox 362 641 2565 3621">
    <p class='ocr_par' dir='ltr' id='par_1_3' title="bbox 362 641 2565 3621">
     <span class='ocr_line' id='line_1_3' title="bbox 375 641 2551 748; baseline 0.002 -43"><span class='ocrx_word' id='word_1_5' title='bbox 375 641 563 705; x_wconf 87' lang='lat' dir='ltr'><strong>tione</strong></span> <span class='ocrx_word' id='word_1_6' title='bbox 589 641 926 720; x_wconf 84' lang='lat' dir='ltr'><strong>ecclesiae,</strong></span> <span class='ocrx_word' id='word_1_7' title='bbox 945 644 1035 707; x_wconf 88' lang='lat' dir='ltr'><strong>ab</strong></span> <span class='ocrx_word' id='word_1_8' title='bbox 1057 663 1140 707; x_wconf 91' lang='lat' dir='ltr'><strong>eo</strong></span> <span class='ocrx_word' id='word_1_9' title='bbox 1157 642 1342 724; x_wconf 91' lang='lat' dir='ltr'><strong>quod</strong></span> <span class='ocrx_word' id='word_1_10' title='bbox 1361 641 1656 719; x_wconf 85' lang='lat' dir='ltr'><strong>solebat,</strong></span> <span class='ocrx_word' id='word_1_11' title='bbox 1676 642 1975 706; x_wconf 86' lang='lat' dir='ltr'><strong>animum</strong></span> <span class='ocrx_word' id='word_1_12' title='bbox 2002 643 2279 724; x_wconf 87' lang='lat' dir='ltr'><strong>avertit,</strong></span> <span class='ocrx_word' id='word_1_13' title='bbox 2304 658 2416 748; x_wconf 49' lang='lat' dir='ltr'><strong>ff&gt;-</strong></span> <span class='ocrx_word' id='word_1_14' title='bbox 2439 660 2551 698; x_wconf 76' lang='lat'><strong>¹168·</strong></span> 
     </span>
     <span class='ocr_line' id='line_1_4' title="bbox 377 715 2525 826; baseline 0.003 -22"><span class='ocrx_word' id='word_1_15' title='bbox 377 747 448 804; x_wconf 82' lang='lat' dir='ltr'><strong>et</strong></span> <span class='ocrx_word' id='word_1_16' title='bbox 481 742 736 826; x_wconf 83' lang='lat' dir='ltr'><strong>jamin</strong></span> <span class='ocrx_word' id='word_1_17' title='bbox 763 743 1027 820; x_wconf 80' lang='lat' dir='ltr'><strong>multis,</strong></span> <span class='ocrx_word' id='word_1_18' title='bbox 1057 744 1239 806; x_wconf 80' lang='lat' dir='ltr'><strong>sicut</strong></span> <span class='ocrx_word' id='word_1_19' title='bbox 1283 743 1356 805; x_wconf 81' lang='lat' dir='ltr'><strong>in</strong></span> <span class='ocrx_word' id='word_1_20' title='bbox 1388 742 1972 825; x_wconf 80' lang='lat' dir='ltr'><strong>appellationibus</strong></span> <span class='ocrx_word' id='word_1_21' title='bbox 2006 751 2282 810; x_wconf 82' lang='lat' dir='ltr'><strong>constat</strong></span> <span class='ocrx_word' id='word_1_22' title='bbox 2304 715 2525 798; x_wconf 66' lang='grc' dir='ltr'><strong>οῗὲἓὲἰει</strong></span> 
     </span>
     <span class='ocr_line' id='line_1_5' title="bbox 375 811 2565 919; baseline 0.002 -15"><span class='ocrx_word' id='word_1_23' title='bbox 375 848 448 905; x_wconf 87' lang='lat' dir='ltr'><strong>et</strong></span> <span class='ocrx_word' id='word_1_24' title='bbox 467 842 985 906; x_wconf 82' lang='lat' dir='ltr'><strong>visitationibus</strong></span> <span class='ocrx_word' id='word_1_25' title='bbox 1015 843 1298 919; x_wconf 89' lang='lat' dir='ltr'><strong>nostris,</strong></span> <span class='ocrx_word' id='word_1_26' title='bbox 1322 841 1889 906; x_wconf 88' lang='lat' dir='ltr'><strong>communicando</strong></span> <span class='ocrx_word' id='word_1_27' title='bbox 1922 843 2129 906; x_wconf 91' lang='lat' dir='ltr'><strong>etiam</strong></span> <span class='ocrx_word' id='word_1_28' title='bbox 2153 863 2279 908; x_wconf 86' lang='lat' dir='ltr'><strong>ex-</strong></span> <span class='ocrx_word' id='word_1_29' title='bbox 2302 811 2388 848; x_wconf 56' lang='grc' dir='ltr'><strong>’Μ</strong></span> <span class='ocrx_word' id='word_1_30' title='bbox 2404 811 2565 850; x_wconf 55' lang='lat' dir='ltr'>‘&#39;mer‘’</span> 
     </span>
     <span class='ocr_line' id='line_1_6' title="bbox 376 941 2281 1018; baseline 0.002 -15"><span class='ocrx_word' id='word_1_31' title='bbox 376 943 896 1006; x_wconf 89' lang='lat' dir='ltr'><strong>communicatis</strong></span> <span class='ocrx_word' id='word_1_32' title='bbox 927 943 1334 1006; x_wconf 89' lang='lat' dir='ltr'><strong>nominatim</strong></span> <span class='ocrx_word' id='word_1_33' title='bbox 1377 949 1448 1006; x_wconf 91' lang='lat' dir='ltr'><strong>et</strong></span> <span class='ocrx_word' id='word_1_34' title='bbox 1477 941 1959 1018; x_wconf 80' lang='lat' dir='ltr'><strong>schismaticiS,</strong></span> <span class='ocrx_word' id='word_1_35' title='bbox 2004 951 2076 1007; x_wconf 91' lang='lat' dir='ltr'><strong>et</strong></span> <span class='ocrx_word' id='word_1_36' title='bbox 2112 963 2281 1009; x_wconf 87' lang='lat' dir='ltr'><strong>con-</strong></span> 
     </span>
     <span class='ocr_line' id='line_1_7' title="bbox 377 1040 2276 1123; baseline 0.003 -21"><span class='ocrx_word' id='word_1_37' title='bbox 377 1040 778 1106; x_wconf 89' lang='lat' dir='ltr'><strong>foederando</strong></span> <span class='ocrx_word' id='word_1_38' title='bbox 829 1062 906 1105; x_wconf 92' lang='lat' dir='ltr'><strong>se</strong></span> <span class='ocrx_word' id='word_1_39' title='bbox 951 1043 1075 1119; x_wconf 84' lang='lat' dir='ltr'><strong>eiS,</strong></span> <span class='ocrx_word' id='word_1_40' title='bbox 1129 1050 1200 1107; x_wconf 91' lang='lat' dir='ltr'><strong>et</strong></span> <span class='ocrx_word' id='word_1_41' title='bbox 1242 1041 1314 1104; x_wconf 92' lang='lat' dir='ltr'><strong>in</strong></span> <span class='ocrx_word' id='word_1_42' title='bbox 1365 1061 1449 1104; x_wconf 94' lang='lat' dir='ltr'><strong>eo</strong></span> <span class='ocrx_word' id='word_1_43' title='bbox 1487 1041 1722 1117; x_wconf 90' lang='lat' dir='ltr'><strong>etiam,</strong></span> <span class='ocrx_word' id='word_1_44' title='bbox 1763 1041 1947 1123; x_wconf 90' lang='lat' dir='ltr'><strong>quod</strong></span> <span class='ocrx_word' id='word_1_45' title='bbox 1992 1063 2276 1109; x_wconf 88' lang='lat' dir='ltr'><strong>venera-</strong></span> 
     </span>
     <span class='ocr_line' id='line_1_8' title="bbox 375 1139 2274 1217; baseline 0.003 -14"><span class='ocrx_word' id='word_1_46' title='bbox 375 1139 581 1204; x_wconf 92' lang='lat' dir='ltr'><strong>bilem</strong></span> <span class='ocrx_word' id='word_1_47' title='bbox 623 1140 908 1206; x_wconf 86' lang='lat' dir='ltr'><strong>fratrem</strong></span> <span class='ocrx_word' id='word_1_48' title='bbox 962 1148 1274 1205; x_wconf 87' lang='lat' dir='ltr'><strong>nostrum</strong></span> <span class='ocrx_word' id='word_1_49' title='bbox 1309 1140 1675 1217; x_wconf 89' lang='lat' dir='ltr'><strong>Thomam,</strong></span> <span class='ocrx_word' id='word_1_50' title='bbox 1705 1140 2274 1208; x_wconf 77' lang='lat' dir='ltr'><strong>cantuariensem</strong></span> 
     </span>
     <span class='ocr_line' id='line_1_9' title="bbox 375 1240 2277 1326; baseline 0.003 -24"><span class='ocrx_word' id='word_1_51' title='bbox 375 1240 991 1325; x_wconf 89' lang='lat' dir='ltr'><strong>archiepiscopum,</strong></span> <span class='ocrx_word' id='word_1_52' title='bbox 1015 1241 1100 1306; x_wconf 90' lang='lat' dir='ltr'><strong>de</strong></span> <span class='ocrx_word' id='word_1_53' title='bbox 1120 1261 1334 1323; x_wconf 88' lang='lat' dir='ltr'><strong>regno</strong></span> <span class='ocrx_word' id='word_1_54' title='bbox 1353 1260 1482 1304; x_wconf 89' lang='lat' dir='ltr'><strong>suo</strong></span> <span class='ocrx_word' id='word_1_55' title='bbox 1510 1241 1702 1304; x_wconf 82' lang='lat' dir='ltr'><strong>exire</strong></span> <span class='ocrx_word' id='word_1_56' title='bbox 1728 1241 2056 1322; x_wconf 85' lang='lat' dir='ltr'><strong>coegerit,</strong></span> <span class='ocrx_word' id='word_1_57' title='bbox 2077 1246 2277 1326; x_wconf 88' lang='lat' dir='ltr'><strong>quasi</strong></span> 
     </span>
     <span class='ocr_line' id='line_1_10' title="bbox 375 1340 2275 1424; baseline 0.003 -21"><span class='ocrx_word' id='word_1_58' title='bbox 375 1341 696 1422; x_wconf 84' lang='lat' dir='ltr'><strong>persequi</strong></span> <span class='ocrx_word' id='word_1_59' title='bbox 733 1349 805 1405; x_wconf 91' lang='lat' dir='ltr'><strong>et</strong></span> <span class='ocrx_word' id='word_1_60' title='bbox 835 1341 1243 1424; x_wconf 85' lang='lat' dir='ltr'><strong>impugnare</strong></span> <span class='ocrx_word' id='word_1_61' title='bbox 1280 1340 1577 1418; x_wconf 89' lang='lat' dir='ltr'><strong>videtur,</strong></span> <span class='ocrx_word' id='word_1_62' title='bbox 1630 1347 1701 1404; x_wconf 91' lang='lat' dir='ltr'><strong>te</strong></span> <span class='ocrx_word' id='word_1_63' title='bbox 1748 1360 1886 1404; x_wconf 91' lang='lat' dir='ltr'><strong>non</strong></span> <span class='ocrx_word' id='word_1_64' title='bbox 1934 1343 2275 1408; x_wconf 90' lang='lat' dir='ltr'><strong>credimus</strong></span> 
     </span>
     <span class='ocr_line' id='line_1_11' title="bbox 374 1439 2276 1524; baseline 0.003 -23"><span class='ocrx_word' id='word_1_65' title='bbox 374 1439 718 1520; x_wconf 89' lang='lat' dir='ltr'><strong>ignorare.</strong></span> <span class='ocrx_word' id='word_1_66' title='bbox 836 1441 1282 1524; x_wconf 85' lang='lat' dir='ltr'><strong>Quapropter</strong></span> <span class='ocrx_word' id='word_1_67' title='bbox 1333 1440 1865 1506; x_wconf 90' lang='lat' dir='ltr'><strong>sollicitudinem</strong></span> <span class='ocrx_word' id='word_1_68' title='bbox 1918 1448 2110 1505; x_wconf 91' lang='lat' dir='ltr'><strong>tuam</strong></span> <span class='ocrx_word' id='word_1_69' title='bbox 2162 1464 2276 1508; x_wconf 86' lang='lat' dir='ltr'><strong>ro-</strong></span> 
     </span>
     <span class='ocr_line' id='line_1_12' title="bbox 375 1540 2274 1623; baseline 0.002 -21"><span class='ocrx_word' id='word_1_70' title='bbox 375 1558 643 1620; x_wconf 81' lang='lat' dir='ltr'><strong>gamuS,</strong></span> <span class='ocrx_word' id='word_1_71' title='bbox 713 1561 1072 1605; x_wconf 90' lang='lat' dir='ltr'><strong>monemus</strong></span> <span class='ocrx_word' id='word_1_72' title='bbox 1133 1548 1344 1623; x_wconf 90' lang='lat' dir='ltr'><strong>atque</strong></span> <span class='ocrx_word' id='word_1_73' title='bbox 1409 1540 1840 1619; x_wconf 88' lang='lat' dir='ltr'><strong>mandamus,</strong></span> <span class='ocrx_word' id='word_1_74' title='bbox 1907 1549 2274 1623; x_wconf 78' lang='lat' dir='ltr'><strong>quatenuS,</strong></span> 
     </span>
     <span class='ocr_line' id='line_1_13' title="bbox 373 1633 2276 1723; baseline 0.003 -22"><span class='ocrx_word' id='word_1_75' title='bbox 373 1639 705 1723; x_wconf 88' lang='lat' dir='ltr'><strong>adjuncto</strong></span> <span class='ocrx_word' id='word_1_76' title='bbox 750 1641 875 1705; x_wconf 89' lang='lat' dir='ltr'><strong>tibi</strong></span> <span class='ocrx_word' id='word_1_77' title='bbox 916 1641 1293 1706; x_wconf 86' lang='lat' dir='ltr'><strong>venerabili</strong></span> <span class='ocrx_word' id='word_1_78' title='bbox 1333 1640 1546 1705; x_wconf 89' lang='lat' dir='ltr'><strong>fratre</strong></span> <span class='ocrx_word' id='word_1_79' title='bbox 1590 1647 1830 1704; x_wconf 87' lang='lat' dir='ltr'><strong>nostro</strong></span> <span class='ocrx_word' id='word_1_80' title='bbox 1882 1633 2010 1706; x_wconf 86' lang='lat' dir='ltr'><strong>¹R.</strong></span> <span class='ocrx_word' id='word_1_81' title='bbox 2049 1642 2276 1707; x_wconf 85' lang='lat' dir='ltr'><strong>Here-</strong></span> 
     </span>
     <span class='ocr_line' id='line_1_14' title="bbox 373 1739 2276 1824; baseline 0.002 -22"><span class='ocrx_word' id='word_1_82' title='bbox 373 1739 675 1803; x_wconf 84' lang='lat' dir='ltr'><strong>sordensi</strong></span> <span class='ocrx_word' id='word_1_83' title='bbox 726 1743 1074 1824; x_wconf 86' lang='lat' dir='ltr'><strong>episcopo,</strong></span> <span class='ocrx_word' id='word_1_84' title='bbox 1129 1740 1424 1805; x_wconf 89' lang='lat' dir='ltr'><strong>eundem</strong></span> <span class='ocrx_word' id='word_1_85' title='bbox 1469 1760 1703 1821; x_wconf 90' lang='lat' dir='ltr'><strong>regem</strong></span> <span class='ocrx_word' id='word_1_86' title='bbox 1754 1740 2050 1805; x_wconf 86' lang='lat' dir='ltr'><strong>sollicite</strong></span> <span class='ocrx_word' id='word_1_87' title='bbox 2091 1762 2276 1806; x_wconf 88' lang='lat' dir='ltr'><strong>com-</strong></span> 
     </span>
     <span class='ocr_line' id='line_1_15' title="bbox 373 1839 2277 1919; baseline 0.002 -17"><span class='ocrx_word' id='word_1_88' title='bbox 373 1859 654 1904; x_wconf 89' lang='lat' dir='ltr'><strong>moneas</strong></span> <span class='ocrx_word' id='word_1_89' title='bbox 689 1849 759 1906; x_wconf 90' lang='lat' dir='ltr'><strong>et</strong></span> <span class='ocrx_word' id='word_1_90' title='bbox 790 1841 1107 1906; x_wconf 90' lang='lat' dir='ltr'><strong>studiosa</strong></span> <span class='ocrx_word' id='word_1_91' title='bbox 1135 1841 1620 1905; x_wconf 82' lang='lat' dir='ltr'><strong>exhortatione</strong></span> <span class='ocrx_word' id='word_1_92' title='bbox 1647 1839 1959 1918; x_wconf 82' lang='lat' dir='ltr'><strong>inducas,</strong></span> <span class='ocrx_word' id='word_1_93' title='bbox 2002 1848 2105 1919; x_wconf 88' lang='lat' dir='ltr'><strong>ut,</strong></span> <span class='ocrx_word' id='word_1_94' title='bbox 2150 1842 2277 1905; x_wconf 88' lang='lat' dir='ltr'><strong>hu-</strong></span> 
     </span>
     <span class='ocr_line' id='line_1_16' title="bbox 362 1939 2275 2024; baseline 0.003 -23"><span class='ocrx_word' id='word_1_95' title='bbox 362 1939 517 2023; x_wconf 88' lang='lat' dir='ltr'><strong>jus[</strong></span> <span class='ocrx_word' id='word_1_96' title='bbox 525 1940 743 2021; x_wconf 92' lang='lat' dir='ltr'><strong>modi]</strong></span> <span class='ocrx_word' id='word_1_97' title='bbox 781 1941 1138 2024; x_wconf 87' lang='lat' dir='ltr'><strong>proposito</strong></span> <span class='ocrx_word' id='word_1_98' title='bbox 1178 1959 1464 2024; x_wconf 88' lang='lat' dir='ltr'><strong>prorsus</strong></span> <span class='ocrx_word' id='word_1_99' title='bbox 1519 1940 1788 2017; x_wconf 89' lang='lat' dir='ltr'><strong>relicto,</strong></span> <span class='ocrx_word' id='word_1_100' title='bbox 1829 1940 1900 2002; x_wconf 90' lang='lat' dir='ltr'><strong>in</strong></span> <span class='ocrx_word' id='word_1_101' title='bbox 1956 1960 2039 2005; x_wconf 92' lang='lat' dir='ltr'><strong>eo</strong></span> <span class='ocrx_word' id='word_1_102' title='bbox 2088 1943 2275 2024; x_wconf 86' lang='lat' dir='ltr'><strong>quod</strong></span> 
     </span>
     <span class='ocr_line' id='line_1_17' title="bbox 370 2039 2275 2123; baseline 0.002 -20"><span class='ocrx_word' id='word_1_103' title='bbox 370 2040 694 2118; x_wconf 83' lang='lat' dir='ltr'><strong>excessit,</strong></span> <span class='ocrx_word' id='word_1_104' title='bbox 745 2042 925 2106; x_wconf 91' lang='lat' dir='ltr'><strong>sicut</strong></span> <span class='ocrx_word' id='word_1_105' title='bbox 977 2041 1262 2123; x_wconf 89' lang='lat' dir='ltr'><strong>dignum</strong></span> <span class='ocrx_word' id='word_1_106' title='bbox 1317 2047 1448 2117; x_wconf 91' lang='lat' dir='ltr'><strong>est,</strong></span> <span class='ocrx_word' id='word_1_107' title='bbox 1493 2039 1904 2116; x_wconf 88' lang='lat' dir='ltr'><strong>satisfaciat,</strong></span> <span class='ocrx_word' id='word_1_108' title='bbox 1952 2059 1995 2107; x_wconf 90' lang='lat' dir='ltr'><strong>a</strong></span> <span class='ocrx_word' id='word_1_109' title='bbox 2038 2043 2275 2123; x_wconf 83' lang='lat' dir='ltr'><strong>pravis</strong></span> 
     </span>
     <span class='ocr_line' id='line_1_18' title="bbox 371 2138 2272 2224; baseline 0.001 -21"><span class='ocrx_word' id='word_1_110' title='bbox 371 2141 638 2204; x_wconf 88' lang='lat' dir='ltr'><strong>actibus</strong></span> <span class='ocrx_word' id='word_1_111' title='bbox 699 2142 979 2208; x_wconf 89' lang='lat' dir='ltr'><strong>omnino</strong></span> <span class='ocrx_word' id='word_1_112' title='bbox 1031 2140 1348 2218; x_wconf 87' lang='lat' dir='ltr'><strong>desistat,</strong></span> <span class='ocrx_word' id='word_1_113' title='bbox 1384 2138 1788 2204; x_wconf 88' lang='lat' dir='ltr'><strong>Creatorem</strong></span> <span class='ocrx_word' id='word_1_114' title='bbox 1846 2159 2045 2203; x_wconf 89' lang='lat' dir='ltr'><strong>suum</strong></span> <span class='ocrx_word' id='word_1_115' title='bbox 2096 2162 2272 2224; x_wconf 91' lang='lat' dir='ltr'><strong>puro</strong></span> 
     </span>
     <span class='ocr_line' id='line_1_19' title="bbox 371 2239 2273 2323; baseline -0.001 -17"><span class='ocrx_word' id='word_1_116' title='bbox 371 2241 573 2306; x_wconf 84' lang='lat' dir='ltr'><strong>corde</strong></span> <span class='ocrx_word' id='word_1_117' title='bbox 606 2240 878 2323; x_wconf 89' lang='lat' dir='ltr'><strong>diligat,</strong></span> <span class='ocrx_word' id='word_1_118' title='bbox 909 2248 1202 2306; x_wconf 89' lang='lat' dir='ltr'><strong>matrem</strong></span> <span class='ocrx_word' id='word_1_119' title='bbox 1241 2259 1441 2304; x_wconf 89' lang='lat' dir='ltr'><strong>suam</strong></span> <span class='ocrx_word' id='word_1_120' title='bbox 1483 2239 1873 2303; x_wconf 88' lang='lat' dir='ltr'><strong>Romanam</strong></span> <span class='ocrx_word' id='word_1_121' title='bbox 1913 2241 2273 2306; x_wconf 87' lang='lat' dir='ltr'><strong>ecclesiam</strong></span> 
     </span>
     <span class='ocr_line' id='line_1_20' title="bbox 372 2333 2272 2422; baseline 0.002 -19"><span class='ocrx_word' id='word_1_122' title='bbox 372 2340 580 2405; x_wconf 90' lang='lat' dir='ltr'><strong>solita</strong></span> <span class='ocrx_word' id='word_1_123' title='bbox 614 2342 1060 2406; x_wconf 90' lang='lat' dir='ltr'><strong>veneratione</strong></span> <span class='ocrx_word' id='word_1_124' title='bbox 1094 2339 1442 2422; x_wconf 88' lang='lat' dir='ltr'><strong>respiciat,</strong></span> <span class='ocrx_word' id='word_1_125' title='bbox 1473 2358 1601 2402; x_wconf 91' lang='lat' dir='ltr'><strong>nec</strong></span> <span class='ocrx_word' id='word_1_126' title='bbox 1645 2333 1797 2403; x_wconf 86' lang='lat' dir='ltr'><strong>eam</strong></span> <span class='ocrx_word' id='word_1_127' title='bbox 1833 2333 2117 2405; x_wconf 80' lang='lat' dir='ltr'><strong>visitare</strong></span> <span class='ocrx_word' id='word_1_128' title='bbox 2149 2363 2272 2406; x_wconf 89' lang='lat' dir='ltr'><strong>vo-</strong></span> 
     </span>
     <span class='ocr_line' id='line_1_21' title="bbox 369 2439 2269 2524; baseline 0.002 -22"><span class='ocrx_word' id='word_1_129' title='bbox 369 2440 590 2505; x_wconf 91' lang='lat' dir='ltr'><strong>lentes</strong></span> <span class='ocrx_word' id='word_1_130' title='bbox 621 2440 954 2520; x_wconf 90' lang='lat' dir='ltr'><strong>inhibeat,</strong></span> <span class='ocrx_word' id='word_1_131' title='bbox 991 2440 1492 2524; x_wconf 90' lang='lat' dir='ltr'><strong>appellationes</strong></span> <span class='ocrx_word' id='word_1_132' title='bbox 1522 2439 1609 2502; x_wconf 91' lang='lat' dir='ltr'><strong>ad</strong></span> <span class='ocrx_word' id='word_1_133' title='bbox 1642 2458 1794 2502; x_wconf 90' lang='lat' dir='ltr'><strong>eam</strong></span> <span class='ocrx_word' id='word_1_134' title='bbox 1825 2439 2045 2504; x_wconf 89' lang='lat' dir='ltr'><strong>factas</strong></span> <span class='ocrx_word' id='word_1_135' title='bbox 2076 2442 2269 2505; x_wconf 92' lang='lat' dir='ltr'><strong>nullo</strong></span> 
     </span>
     <span class='ocr_line' id='line_1_22' title="bbox 372 2539 2275 2625; baseline 0 -21"><span class='ocrx_word' id='word_1_136' title='bbox 372 2542 575 2605; x_wconf 91' lang='lat' dir='ltr'><strong>modo</strong></span> <span class='ocrx_word' id='word_1_137' title='bbox 636 2542 992 2625; x_wconf 90' lang='lat' dir='ltr'><strong>impediat,</strong></span> <span class='ocrx_word' id='word_1_138' title='bbox 1041 2549 1114 2606; x_wconf 91' lang='lat' dir='ltr'><strong>et</strong></span> <span class='ocrx_word' id='word_1_139' title='bbox 1158 2539 1567 2624; x_wconf 78' lang='lat' dir='ltr'><strong>praedictum</strong></span> <span class='ocrx_word' id='word_1_140' title='bbox 1626 2539 1908 2604; x_wconf 83' lang='lat' dir='ltr'><strong>fratrem</strong></span> <span class='ocrx_word' id='word_1_141' title='bbox 1960 2549 2275 2605; x_wconf 89' lang='lat' dir='ltr'><strong>nostrum</strong></span> 
     </span>
     <span class='ocr_line' id='line_1_23' title="bbox 369 2640 2274 2722; baseline 0 -18"><span class='ocrx_word' id='word_1_142' title='bbox 369 2641 736 2719; x_wconf 87' lang='lat' dir='ltr'><strong>Thomam,</strong></span> <span class='ocrx_word' id='word_1_143' title='bbox 774 2641 1344 2707; x_wconf 85' lang='lat' dir='ltr'><strong>Cantuariensem</strong></span> <span class='ocrx_word' id='word_1_144' title='bbox 1389 2640 2009 2722; x_wconf 87' lang='lat' dir='ltr'><strong>archiepiscopum,</strong></span> <span class='ocrx_word' id='word_1_145' title='bbox 2045 2641 2132 2704; x_wconf 91' lang='lat' dir='ltr'><strong>ad</strong></span> <span class='ocrx_word' id='word_1_146' title='bbox 2164 2660 2274 2705; x_wconf 86' lang='lat' dir='ltr'><strong>se-</strong></span> 
     </span>
     <span class='ocr_line' id='line_1_24' title="bbox 365 2740 2274 2824; baseline 0.002 -21"><span class='ocrx_word' id='word_1_147' title='bbox 365 2741 521 2805; x_wconf 89' lang='lat' dir='ltr'><strong>dem</strong></span> <span class='ocrx_word' id='word_1_148' title='bbox 588 2761 788 2805; x_wconf 89' lang='lat' dir='ltr'><strong>suam</strong></span> <span class='ocrx_word' id='word_1_149' title='bbox 855 2743 1222 2824; x_wconf 86' lang='lat' dir='ltr'><strong>benignius</strong></span> <span class='ocrx_word' id='word_1_150' title='bbox 1281 2759 1619 2806; x_wconf 88' lang='lat' dir='ltr'><strong>revocans</strong></span> <span class='ocrx_word' id='word_1_151' title='bbox 1680 2747 1752 2804; x_wconf 92' lang='lat' dir='ltr'><strong>et</strong></span> <span class='ocrx_word' id='word_1_152' title='bbox 1808 2740 2141 2803; x_wconf 90' lang='lat' dir='ltr'><strong>reducens</strong></span> <span class='ocrx_word' id='word_1_153' title='bbox 2199 2742 2274 2807; x_wconf 92' lang='lat' dir='ltr'><strong>in</strong></span> 
     </span>
     <span class='ocr_line' id='line_1_25' title="bbox 369 2840 2275 2908; baseline 0 -3"><span class='ocrx_word' id='word_1_154' title='bbox 369 2842 556 2906; x_wconf 89' lang='lat' dir='ltr'><strong>beati</strong></span> <span class='ocrx_word' id='word_1_155' title='bbox 611 2841 808 2908; x_wconf 85' lang='lat' dir='ltr'><strong>Petri</strong></span> <span class='ocrx_word' id='word_1_156' title='bbox 852 2849 924 2906; x_wconf 90' lang='lat' dir='ltr'><strong>et</strong></span> <span class='ocrx_word' id='word_1_157' title='bbox 971 2849 1208 2906; x_wconf 87' lang='lat' dir='ltr'><strong>nostra</strong></span> <span class='ocrx_word' id='word_1_158' title='bbox 1249 2840 1639 2905; x_wconf 87' lang='lat' dir='ltr'><strong>reverentia</strong></span> <span class='ocrx_word' id='word_1_159' title='bbox 1681 2840 1919 2903; x_wconf 85' lang='lat' dir='ltr'><strong>firmus</strong></span> <span class='ocrx_word' id='word_1_160' title='bbox 1961 2841 2275 2905; x_wconf 86' lang='lat' dir='ltr'><strong>immobi-</strong></span> 
     </span>
     <span class='ocr_line' id='line_1_26' title="bbox 369 2940 2273 3024; baseline 0.001 -20"><span class='ocrx_word' id='word_1_161' title='bbox 369 2942 592 3024; x_wconf 88' lang='lat' dir='ltr'><strong>lisque</strong></span> <span class='ocrx_word' id='word_1_162' title='bbox 653 2943 1018 3020; x_wconf 89' lang='lat' dir='ltr'><strong>consistat,</strong></span> <span class='ocrx_word' id='word_1_163' title='bbox 1081 2949 1152 3006; x_wconf 86' lang='lat' dir='ltr'><strong>et</strong></span> <span class='ocrx_word' id='word_1_164' title='bbox 1213 2941 1300 3004; x_wconf 90' lang='lat' dir='ltr'><strong>ad</strong></span> <span class='ocrx_word' id='word_1_165' title='bbox 1361 2959 1576 3023; x_wconf 90' lang='lat' dir='ltr'><strong>opera</strong></span> <span class='ocrx_word' id='word_1_166' title='bbox 1644 2940 2129 3005; x_wconf 67' lang='lat' dir='ltr'><strong>misericordiae</strong></span> <span class='ocrx_word' id='word_1_167' title='bbox 2190 2960 2273 3005; x_wconf 92' lang='lat' dir='ltr'><strong>ac</strong></span> 
     </span>
     <span class='ocr_line' id='line_1_27' title="bbox 371 3040 2275 3125; baseline 0 -20"><span class='ocrx_word' id='word_1_168' title='bbox 371 3043 652 3125; x_wconf 89' lang='lat' dir='ltr'><strong>pietatis</strong></span> <span class='ocrx_word' id='word_1_169' title='bbox 700 3041 1039 3119; x_wconf 88' lang='lat' dir='ltr'><strong>intendat,</strong></span> <span class='ocrx_word' id='word_1_170' title='bbox 1092 3048 1173 3105; x_wconf 90' lang='lat' dir='ltr'><strong>ut</strong></span> <span class='ocrx_word' id='word_1_171' title='bbox 1223 3040 1379 3117; x_wconf 90' lang='lat' dir='ltr'><strong>Ille,</strong></span> <span class='ocrx_word' id='word_1_172' title='bbox 1433 3060 1558 3122; x_wconf 86' lang='lat' dir='ltr'><strong>per</strong></span> <span class='ocrx_word' id='word_1_173' title='bbox 1614 3059 1817 3121; x_wconf 92' lang='lat' dir='ltr'><strong>quem</strong></span> <span class='ocrx_word' id='word_1_174' title='bbox 1872 3060 2069 3122; x_wconf 88' lang='lat' dir='ltr'><strong>reges</strong></span> <span class='ocrx_word' id='word_1_175' title='bbox 2121 3062 2275 3123; x_wconf 87' lang='lat' dir='ltr'><strong>reg-</strong></span> 
     </span>
     <span class='ocr_line' id='line_1_28' title="bbox 371 3141 2275 3224; baseline -0.001 -20"><span class='ocrx_word' id='word_1_176' title='bbox 371 3149 562 3219; x_wconf 86' lang='lat' dir='ltr'><strong>nant,</strong></span> <span class='ocrx_word' id='word_1_177' title='bbox 597 3141 980 3224; x_wconf 89' lang='lat' dir='ltr'><strong>temporale</strong></span> <span class='ocrx_word' id='word_1_178' title='bbox 1021 3142 1155 3205; x_wconf 90' lang='lat' dir='ltr'><strong>sibi</strong></span> <span class='ocrx_word' id='word_1_179' title='bbox 1206 3160 1496 3222; x_wconf 89' lang='lat' dir='ltr'><strong>regnum</strong></span> <span class='ocrx_word' id='word_1_180' title='bbox 1538 3147 1900 3204; x_wconf 89' lang='lat' dir='ltr'><strong>conservet</strong></span> <span class='ocrx_word' id='word_1_181' title='bbox 1951 3141 2023 3203; x_wconf 93' lang='lat' dir='ltr'><strong>in</strong></span> <span class='ocrx_word' id='word_1_182' title='bbox 2072 3142 2275 3203; x_wconf 90' lang='lat' dir='ltr'><strong>terris</strong></span> 
     </span>
     <span class='ocr_line' id='line_1_29' title="bbox 370 3238 2277 3324; baseline 0 -19"><span class='ocrx_word' id='word_1_183' title='bbox 370 3241 441 3305; x_wconf 83' lang='lat' dir='ltr'><strong>et</strong></span> <span class='ocrx_word' id='word_1_184' title='bbox 479 3243 976 3324; x_wconf 91' lang='lat' dir='ltr'><strong>sempiternum</strong></span> <span class='ocrx_word' id='word_1_185' title='bbox 999 3242 1355 3322; x_wconf 84' lang='lat' dir='ltr'><strong>largiatur</strong></span> <span class='ocrx_word' id='word_1_186' title='bbox 1391 3241 1463 3303; x_wconf 94' lang='lat' dir='ltr'><strong>in</strong></span> <span class='ocrx_word' id='word_1_187' title='bbox 1509 3239 1720 3303; x_wconf 85' lang='lat' dir='ltr'><strong>caelis.</strong></span> <span class='ocrx_word' id='word_1_188' title='bbox 1828 3238 1921 3302; x_wconf 90' lang='lat' dir='ltr'><strong>Et</strong></span> <span class='ocrx_word' id='word_1_189' title='bbox 1968 3240 2101 3302; x_wconf 90' lang='lat' dir='ltr'><strong>nisi</strong></span> <span class='ocrx_word' id='word_1_190' title='bbox 2139 3241 2277 3305; x_wconf 86' lang='lat' dir='ltr'><strong>ista</strong></span> 
     </span>
     <span class='ocr_line' id='line_1_30' title="bbox 369 3338 2277 3417; baseline 0 -13"><span class='ocrx_word' id='word_1_191' title='bbox 369 3342 710 3407; x_wconf 88' lang='lat' dir='ltr'><strong>maturius</strong></span> <span class='ocrx_word' id='word_1_192' title='bbox 771 3342 1175 3417; x_wconf 84' lang='lat' dir='ltr'><strong>correxerit,</strong></span> <span class='ocrx_word' id='word_1_193' title='bbox 1238 3340 1616 3405; x_wconf 91' lang='lat' dir='ltr'><strong>timendum</strong></span> <span class='ocrx_word' id='word_1_194' title='bbox 1674 3338 1805 3403; x_wconf 89' lang='lat' dir='ltr'><strong>sibi</strong></span> <span class='ocrx_word' id='word_1_195' title='bbox 1858 3338 2012 3415; x_wconf 89' lang='lat' dir='ltr'><strong>erit,</strong></span> <span class='ocrx_word' id='word_1_196' title='bbox 2064 3358 2151 3401; x_wconf 91' lang='lat' dir='ltr'><strong>ne</strong></span> <span class='ocrx_word' id='word_1_197' title='bbox 2208 3349 2277 3404; x_wconf 94' lang='lat' dir='ltr'><strong>et</strong></span> 
     </span>
     <span class='ocr_line' id='line_1_31' title="bbox 373 3438 2279 3524; baseline -0.001 -20"><span class='ocrx_word' id='word_1_198' title='bbox 373 3442 569 3505; x_wconf 89' lang='lat' dir='ltr'><strong>Deus</strong></span> <span class='ocrx_word' id='word_1_199' title='bbox 613 3443 676 3505; x_wconf 88' lang='lat' dir='ltr'><strong>ei</strong></span> <span class='ocrx_word' id='word_1_200' title='bbox 720 3462 847 3524; x_wconf 91' lang='lat' dir='ltr'><strong>pro</strong></span> <span class='ocrx_word' id='word_1_201' title='bbox 892 3440 1025 3505; x_wconf 90' lang='lat' dir='ltr'><strong>hiis</strong></span> <span class='ocrx_word' id='word_1_202' title='bbox 1069 3440 1388 3505; x_wconf 87' lang='lat' dir='ltr'><strong>omnibus</strong></span> <span class='ocrx_word' id='word_1_203' title='bbox 1434 3439 1744 3521; x_wconf 88' lang='lat' dir='ltr'><strong>graviter</strong></span> <span class='ocrx_word' id='word_1_204' title='bbox 1796 3438 2162 3516; x_wconf 88' lang='lat' dir='ltr'><strong>irascatur,</strong></span> <span class='ocrx_word' id='word_1_205' title='bbox 2207 3446 2279 3503; x_wconf 87' lang='lat' dir='ltr'><strong>et</strong></span> 
     </span>
     <span class='ocr_line' id='line_1_32' title="bbox 369 3538 2279 3621; baseline -0.001 -17"><span class='ocrx_word' id='word_1_206' title='bbox 369 3541 439 3604; x_wconf 90' lang='lat' dir='ltr'><strong>in</strong></span> <span class='ocrx_word' id='word_1_207' title='bbox 490 3561 650 3606; x_wconf 90' lang='lat' dir='ltr'><strong>eum</strong></span> <span class='ocrx_word' id='word_1_208' title='bbox 706 3548 778 3605; x_wconf 92' lang='lat' dir='ltr'><strong>et</strong></span> <span class='ocrx_word' id='word_1_209' title='bbox 824 3540 898 3604; x_wconf 90' lang='lat' dir='ltr'><strong>in</strong></span> <span class='ocrx_word' id='word_1_210' title='bbox 950 3560 1113 3605; x_wconf 86' lang='lat' dir='ltr'><strong>suos</strong></span> <span class='ocrx_word' id='word_1_211' title='bbox 1161 3540 1410 3605; x_wconf 87' lang='lat' dir='ltr'><strong>debeat</strong></span> <span class='ocrx_word' id='word_1_212' title='bbox 1461 3538 1747 3621; x_wconf 89' lang='lat' dir='ltr'><strong>gravius</strong></span> <span class='ocrx_word' id='word_1_213' title='bbox 1788 3538 2163 3616; x_wconf 90' lang='lat' dir='ltr'><strong>vindicare,</strong></span> <span class='ocrx_word' id='word_1_214' title='bbox 2208 3550 2279 3603; x_wconf 92' lang='lat' dir='ltr'><strong>et</strong></span> 
     </span>
    </p>
   </div>
   <div class='ocr_carea' id='block_1_4' title="bbox 366 3723 2285 4350">
    <p class='ocr_par' dir='ltr' id='par_1_4' title="bbox 366 3723 2285 4350">
     <span class='ocr_line' id='line_1_33' title="bbox 439 3723 2279 3791; baseline -0.004 -14"><span class='ocrx_word' id='word_1_215' title='bbox 439 3725 458 3757; x_wconf 85' lang='lat'>¹</span> <span class='ocrx_word' id='word_1_216' title='bbox 483 3728 552 3777; x_wconf 82' lang='lat' dir='ltr'><strong>R.</strong></span> <span class='ocrx_word' id='word_1_217' title='bbox 601 3725 952 3789; x_wconf 58' lang='lat' dir='ltr'><strong>Herqfordemi</strong></span> <span class='ocrx_word' id='word_1_218' title='bbox 1006 3726 1242 3791; x_wconf 76' lang='lat' dir='ltr'><strong>episcopo.</strong></span> <span class='ocrx_word' id='word_1_219' title='bbox 1277 3724 1300 3786; x_wconf 98' lang='grc'>]</span> <span class='ocrx_word' id='word_1_220' title='bbox 1354 3724 1464 3783; x_wconf 92' lang='lat' dir='ltr'><strong>liot,</strong></span> <span class='ocrx_word' id='word_1_221' title='bbox 1485 3723 1568 3771; x_wconf 87' lang='lat' dir='ltr'><strong>his</strong></span> <span class='ocrx_word' id='word_1_222' title='bbox 1590 3734 1873 3780; x_wconf 77' lang='lat' dir='ltr'><strong>successor,</strong></span> <span class='ocrx_word' id='word_1_223' title='bbox 1898 3735 2011 3771; x_wconf 86' lang='lat' dir='ltr'><strong>was</strong></span> <span class='ocrx_word' id='word_1_224' title='bbox 2044 3726 2131 3770; x_wconf 86' lang='lat' dir='ltr'><strong>not</strong></span> <span class='ocrx_word' id='word_1_225' title='bbox 2162 3736 2279 3771; x_wconf 87' lang='lat' dir='ltr'><strong>con·</strong></span> 
     </span>
     <span class='ocr_line' id='line_1_34' title="bbox 372 3790 2281 3852; baseline -0.003 -6"><span class='ocrx_word' id='word_1_226' title='bbox 372 3798 562 3849; x_wconf 84' lang='lat' dir='ltr'><strong>Robert</strong></span> <span class='ocrx_word' id='word_1_227' title='bbox 611 3798 678 3845; x_wconf 90' lang='lat' dir='ltr'><strong>de</strong></span> <span class='ocrx_word' id='word_1_228' title='bbox 730 3796 912 3845; x_wconf 90' lang='lat' dir='ltr'><strong>Melun</strong></span> <span class='ocrx_word' id='word_1_229' title='bbox 965 3810 1022 3845; x_wconf 87' lang='lat' dir='ltr'><strong>or</strong></span> <span class='ocrx_word' id='word_1_230' title='bbox 1070 3795 1301 3843; x_wconf 90' lang='lat' dir='ltr'><strong>Maldon.</strong></span> <span class='ocrx_word' id='word_1_231' title='bbox 1356 3792 1587 3842; x_wconf 81' lang='lat' dir='ltr'><strong>secrated</strong></span> <span class='ocrx_word' id='word_1_232' title='bbox 1624 3790 1754 3837; x_wconf 86' lang='lat' dir='ltr'><strong>until</strong></span> <span class='ocrx_word' id='word_1_233' title='bbox 1796 3793 1944 3852; x_wconf 80' lang='grc'><strong>1173,</strong></span> <span class='ocrx_word' id='word_1_234' title='bbox 1980 3806 2039 3839; x_wconf 84' lang='lat' dir='ltr'><strong>as</strong></span> <span class='ocrx_word' id='word_1_235' title='bbox 2076 3790 2202 3838; x_wconf 85' lang='lat' dir='ltr'><strong>from</strong></span> <span class='ocrx_word' id='word_1_236' title='bbox 2247 3806 2281 3841; x_wconf 87' lang='lat' dir='ltr'><strong>a</strong></span> 
     </span>
     <span class='ocr_line' id='line_1_35' title="bbox 366 3856 2277 3927; baseline -0.003 -10"><span class='ocrx_word' id='word_1_237' title='bbox 366 3868 449 3917; x_wconf 86' lang='lat' dir='ltr'><strong>He</strong></span> <span class='ocrx_word' id='word_1_238' title='bbox 465 3882 578 3917; x_wconf 85' lang='lat' dir='ltr'><strong>was</strong></span> <span class='ocrx_word' id='word_1_239' title='bbox 595 3866 923 3915; x_wconf 82' lang='lat' dir='ltr'><strong>consecrated</strong></span> <span class='ocrx_word' id='word_1_240' title='bbox 939 3866 1007 3927; x_wconf 82' lang='lat' dir='ltr'><strong>by</strong></span> <span class='ocrx_word' id='word_1_241' title='bbox 1022 3864 1235 3925; x_wconf 88' lang='lat' dir='ltr'><strong>Becket,</strong></span> <span class='ocrx_word' id='word_1_242' title='bbox 1250 3868 1303 3913; x_wconf 90' lang='lat' dir='ltr'><strong>at</strong></span> <span class='ocrx_word' id='word_1_243' title='bbox 1353 3864 1500 3911; x_wconf 88' lang='lat' dir='ltr'><strong>letter</strong></span> <span class='ocrx_word' id='word_1_244' title='bbox 1537 3860 1597 3909; x_wconf 87' lang='lat' dir='ltr'><strong>of</strong></span> <span class='ocrx_word' id='word_1_245' title='bbox 1626 3858 1820 3907; x_wconf 88' lang='lat' dir='ltr'><strong>Becket</strong></span> <span class='ocrx_word' id='word_1_246' title='bbox 1855 3864 1908 3907; x_wconf 91' lang='lat' dir='ltr'><strong>to</strong></span> <span class='ocrx_word' id='word_1_247' title='bbox 1941 3859 2046 3907; x_wconf 90' lang='lat' dir='ltr'><strong>him</strong></span> <span class='ocrx_word' id='word_1_248' title='bbox 2085 3856 2205 3927; x_wconf 90' lang='lat' dir='ltr'><strong>(lib.</strong></span> <span class='ocrx_word' id='word_1_249' title='bbox 2242 3862 2277 3912; x_wconf 88' lang='lat' dir='ltr'><strong>i.</strong></span> 
     </span>
     <span class='ocr_line' id='line_1_36' title="bbox 370 3928 2278 3998; baseline -0.004 -10"><span class='ocrx_word' id='word_1_250' title='bbox 370 3938 711 3998; x_wconf 62' lang='lat' dir='ltr'><strong>cantaban-5,</strong></span> <span class='ocrx_word' id='word_1_251' title='bbox 739 3936 794 3985; x_wconf 93' lang='lat' dir='ltr'><strong>in</strong></span> <span class='ocrx_word' id='word_1_252' title='bbox 831 3937 1116 3985; x_wconf 85' lang='lat' dir='ltr'><strong>December</strong></span> <span class='ocrx_word' id='word_1_253' title='bbox 1155 3938 1304 3993; x_wconf 77' lang='grc'><strong>1163,</strong></span> <span class='ocrx_word' id='word_1_254' title='bbox 1353 3947 1436 3994; x_wconf 86' lang='lat' dir='ltr'><strong>ep.</strong></span> <span class='ocrx_word' id='word_1_255' title='bbox 1452 3928 1550 3994; x_wconf 82' lang='lat' dir='ltr'><strong>xl.)</strong></span> <span class='ocrx_word' id='word_1_256' title='bbox 1567 3932 1620 3979; x_wconf 90' lang='lat' dir='ltr'><strong>in</strong></span> <span class='ocrx_word' id='word_1_257' title='bbox 1638 3928 1808 3978; x_wconf 85' lang='lat' dir='ltr'><strong>which</strong></span> <span class='ocrx_word' id='word_1_258' title='bbox 1820 3928 1884 3978; x_wconf 89' lang='lat' dir='ltr'><strong>he</strong></span> <span class='ocrx_word' id='word_1_259' title='bbox 1906 3930 2151 3991; x_wconf 86' lang='lat' dir='ltr'><strong>upbraids</strong></span> <span class='ocrx_word' id='word_1_260' title='bbox 2172 3930 2278 3981; x_wconf 88' lang='lat' dir='ltr'><strong>him</strong></span> 
     </span>
     <span class='ocr_line' id='line_1_37' title="bbox 367 3998 2283 4064; baseline -0.005 -6"><span class='ocrx_word' id='word_1_261' title='bbox 367 4010 468 4058; x_wconf 86' lang='lat' dir='ltr'><strong>and</strong></span> <span class='ocrx_word' id='word_1_262' title='bbox 484 4010 531 4057; x_wconf 88' lang='lat' dir='ltr'><strong>is</strong></span> <span class='ocrx_word' id='word_1_263' title='bbox 549 4007 660 4057; x_wconf 85' lang='lat' dir='ltr'><strong>said</strong></span> <span class='ocrx_word' id='word_1_264' title='bbox 686 4011 740 4055; x_wconf 90' lang='lat' dir='ltr'><strong>to</strong></span> <span class='ocrx_word' id='word_1_265' title='bbox 757 4006 886 4055; x_wconf 84' lang='lat' dir='ltr'><strong>have</strong></span> <span class='ocrx_word' id='word_1_266' title='bbox 900 4006 1020 4055; x_wconf 88' lang='lat' dir='ltr'><strong>died</strong></span> <span class='ocrx_word' id='word_1_267' title='bbox 1042 4004 1302 4053; x_wconf 87' lang='lat' dir='ltr'><strong>in-Febru·</strong></span> <span class='ocrx_word' id='word_1_268' title='bbox 1352 4002 1478 4051; x_wconf 87' lang='lat' dir='ltr'><strong>with</strong></span> <span class='ocrx_word' id='word_1_269' title='bbox 1509 4000 1699 4061; x_wconf 80' lang='lat' dir='ltr'><strong>having</strong></span> <span class='ocrx_word' id='word_1_270' title='bbox 1730 3998 1961 4048; x_wconf 87' lang='lat' dir='ltr'><strong>deserted</strong></span> <span class='ocrx_word' id='word_1_271' title='bbox 1997 4000 2077 4049; x_wconf 91' lang='lat' dir='ltr'><strong>his</strong></span> <span class='ocrx_word' id='word_1_272' title='bbox 2109 4016 2283 4064; x_wconf 86' lang='lat' dir='ltr'><strong>cause,</strong></span> 
     </span>
     <span class='ocr_line' id='line_1_38' title="bbox 366 4068 2281 4141; baseline -0.004 -13"><span class='ocrx_word' id='word_1_273' title='bbox 366 4082 628 4141; x_wconf 76' lang='lat' dir='ltr'><strong>aryllss’73</strong></span> <span class='ocrx_word' id='word_1_274' title='bbox 652 4076 808 4138; x_wconf 85' lang='lat' dir='ltr'><strong>Angl.</strong></span> <span class='ocrx_word' id='word_1_275' title='bbox 821 4076 962 4125; x_wconf 85' lang='lat' dir='ltr'><strong>Sacr.</strong></span> <span class='ocrx_word' id='word_1_276' title='bbox 972 4076 1029 4126; x_wconf 91' lang='lat' dir='ltr'><strong>ii.</strong></span> <span class='ocrx_word' id='word_1_277' title='bbox 1047 4078 1172 4123; x_wconf 80' lang='lat'>149:</span> <span class='ocrx_word' id='word_1_278' title='bbox 1210 4074 1304 4122; x_wconf 88' lang='lat' dir='ltr'><strong>but</strong></span> <span class='ocrx_word' id='word_1_279' title='bbox 1352 4072 1520 4121; x_wconf 85' lang='lat' dir='ltr'><strong>whom</strong></span> <span class='ocrx_word' id='word_1_280' title='bbox 1543 4070 1609 4119; x_wconf 87' lang='lat' dir='ltr'><strong>he</strong></span> <span class='ocrx_word' id='word_1_281' title='bbox 1642 4069 1743 4118; x_wconf 89' lang='lat' dir='ltr'><strong>had</strong></span> <span class='ocrx_word' id='word_1_282' title='bbox 1764 4068 1981 4132; x_wconf 84' lang='lat' dir='ltr'><strong>thought</strong></span> <span class='ocrx_word' id='word_1_283' title='bbox 2002 4072 2151 4133; x_wconf 85' lang='lat' dir='ltr'><strong>given</strong></span> <span class='ocrx_word' id='word_1_284' title='bbox 2178 4071 2281 4120; x_wconf 87' lang='lat' dir='ltr'><strong>him</strong></span> 
     </span>
     <span class='ocr_line' id='line_1_39' title="bbox 367 4139 2281 4203; baseline -0.004 -5"><span class='ocrx_word' id='word_1_285' title='bbox 367 4150 477 4201; x_wconf 85' lang='lat' dir='ltr'><strong>that</strong></span> <span class='ocrx_word' id='word_1_286' title='bbox 507 4148 612 4197; x_wconf 90' lang='lat' dir='ltr'><strong>this</strong></span> <span class='ocrx_word' id='word_1_287' title='bbox 644 4147 692 4197; x_wconf 92' lang='lat' dir='ltr'><strong>is</strong></span> <span class='ocrx_word' id='word_1_288' title='bbox 723 4147 810 4194; x_wconf 87' lang='lat' dir='ltr'><strong>the</strong></span> <span class='ocrx_word' id='word_1_289' title='bbox 845 4147 1034 4195; x_wconf 85' lang='lat' dir='ltr'><strong>Robert</strong></span> <span class='ocrx_word' id='word_1_290' title='bbox 1062 4143 1302 4194; x_wconf 89' lang='lat' dir='ltr'><strong>intended</strong></span> <span class='ocrx_word' id='word_1_291' title='bbox 1351 4143 1424 4203; x_wconf 81' lang='lat' dir='ltr'><strong>by</strong></span> <span class='ocrx_word' id='word_1_292' title='bbox 1467 4142 1552 4189; x_wconf 89' lang='lat' dir='ltr'><strong>the</strong></span> <span class='ocrx_word' id='word_1_293' title='bbox 1593 4139 1727 4203; x_wconf 85' lang='lat' dir='ltr'><strong>Lord</strong></span> <span class='ocrx_word' id='word_1_294' title='bbox 1765 4153 1824 4188; x_wconf 83' lang='lat' dir='ltr'><strong>as</strong></span> <span class='ocrx_word' id='word_1_295' title='bbox 1869 4155 1902 4189; x_wconf 88' lang='lat' dir='ltr'><strong>a</strong></span> <span class='ocrx_word' id='word_1_296' title='bbox 1940 4155 2066 4203; x_wconf 87' lang='lat' dir='ltr'><strong>prop</strong></span> <span class='ocrx_word' id='word_1_297' title='bbox 2101 4146 2153 4189; x_wconf 90' lang='lat' dir='ltr'><strong>to</strong></span> <span class='ocrx_word' id='word_1_298' title='bbox 2195 4142 2281 4191; x_wconf 88' lang='lat' dir='ltr'><strong>the</strong></span> 
     </span>
     <span class='ocr_line' id='line_1_40' title="bbox 369 4209 2285 4282; baseline -0.004 -13"><span class='ocrx_word' id='word_1_299' title='bbox 369 4232 590 4282; x_wconf 85' lang='lat' dir='ltr'><strong>appears</strong></span> <span class='ocrx_word' id='word_1_300' title='bbox 635 4231 695 4266; x_wconf 88' lang='lat' dir='ltr'><strong>as</strong></span> <span class='ocrx_word' id='word_1_301' title='bbox 734 4216 852 4265; x_wconf 86' lang='lat' dir='ltr'><strong>weu</strong></span> <span class='ocrx_word' id='word_1_302' title='bbox 893 4216 1018 4267; x_wconf 87' lang='lat' dir='ltr'><strong>from</strong></span> <span class='ocrx_word' id='word_1_303' title='bbox 1055 4216 1140 4263; x_wconf 86' lang='lat' dir='ltr'><strong>the</strong></span> <span class='ocrx_word' id='word_1_304' title='bbox 1179 4213 1300 4275; x_wconf 80' lang='lat' dir='ltr'><strong>fact,</strong></span> <span class='ocrx_word' id='word_1_305' title='bbox 1352 4211 1563 4272; x_wconf 89' lang='lat' dir='ltr'><strong>church,</strong></span> <span class='ocrx_word' id='word_1_306' title='bbox 1602 4210 1704 4258; x_wconf 84' lang='lat' dir='ltr'><strong>and</strong></span> <span class='ocrx_word' id='word_1_307' title='bbox 1743 4209 1909 4259; x_wconf 89' lang='lat' dir='ltr'><strong>whom</strong></span> <span class='ocrx_word' id='word_1_308' title='bbox 1948 4211 2011 4260; x_wconf 89' lang='lat' dir='ltr'><strong>he</strong></span> <span class='ocrx_word' id='word_1_309' title='bbox 2039 4211 2167 4265; x_wconf 85' lang='lat' dir='ltr'><strong>calls</strong></span> <span class='ocrx_word' id='word_1_310' title='bbox 2204 4211 2285 4269; x_wconf 78' lang='lat' dir='ltr'><strong>his</strong></span> 
     </span>
     <span class='ocr_line' id='line_1_41' title="bbox 366 4283 1736 4350; baseline -0.007 -10"><span class='ocrx_word' id='word_1_311' title='bbox 366 4289 610 4342; x_wconf 87' lang='lat' dir='ltr'><strong>recorded</strong></span> <span class='ocrx_word' id='word_1_312' title='bbox 646 4287 829 4350; x_wconf 83' lang='lat' dir='ltr'><strong>below,</strong></span> <span class='ocrx_word' id='word_1_313' title='bbox 861 4286 971 4336; x_wconf 88' lang='lat' dir='ltr'><strong>that</strong></span> <span class='ocrx_word' id='word_1_314' title='bbox 993 4286 1181 4335; x_wconf 86' lang='lat' dir='ltr'><strong>Robert</strong></span> <span class='ocrx_word' id='word_1_315' title='bbox 1203 4285 1300 4333; x_wconf 89' lang='lat' dir='ltr'><strong>Fo-</strong></span> <span class='ocrx_word' id='word_1_316' title='bbox 1352 4283 1605 4331; x_wconf 83' lang='lat' dir='ltr'><strong>first-born</strong></span> <span class='ocrx_word' id='word_1_317' title='bbox 1628 4294 1736 4331; x_wconf 80' lang='lat' dir='ltr'><strong>son.</strong></span> 
     </span>
    </p>
   </div>
  </div>
 </body>
</html>
