3108 5059
852 482 1133 532 nonus
1178 483 1721 533 ffls'ronmnuu.
2105 468 2233 532 141

329 638 552 702 nostri
596 638 748 723 jam
799 659 1074 704 murum
1120 648 1660 724 occupaverant,
1710 648 1782 707 et
1826 642 1973 706 dux
2024 640 2233 706 etiam
2257 655 2371 698 m>-
2392 654 2508 694 ¹⁰⁹⁹·

2258 707 2434 754 Histoi-y
2450 704 2500 744 of

324 756 525 800 suum
592 738 1079 805 introduxerat
1139 741 1499 820 vexillum,
1561 750 1785 807 turres
1840 741 2234 806 deserentes
2256 756 2561 798 thecna-do·-

325 844 394 901 et
432 839 695 902 moenia
737 839 826 902 ad
875 841 1187 905 vicorum
1239 860 1392 906 sese
1439 842 1805 925 angustias
1846 840 2233 906 conferunt.

327 936 552 1001 Porro
588 939 709 1002 alii
743 947 1271 1021 cognoscentes»,
1323 941 1509 1024 quod
1549 943 1857 1006 maxima
1896 960 2061 1025 pars
2108 959 2233 1004 no-

323 1037 565 1101 bilium
627 1044 852 1104 turres
913 1048 1428 1122 occupaverant
1487 1042 1819 1119 civitatiS,
1865 1042 2094 1105 scalas
2144 1041 2233 1104 ad

325 1157 594 1201 murum
626 1139 946 1204 certatim
975 1140 1356 1223 applicant,
1400 1161 1521 1223 per
1567 1160 1744 1224 quas
1784 1141 2233 1206 ascendentes

326 1257 595 1301 murum
638 1238 912 1303 caeteris
968 1259 1044 1303 se
1093 1239 1551 1327 conjungunt.
1647 1241 1849 1305 Tunc
1893 1241 2039 1304 dux
2086 1239 2235 1304 Go-

328 1336 632 1402 defridus
694 1338 1032 1420 quosdam
1111 1339 1198 1402 ad
1260 1346 1534 1422 portam
1602 1339 2237 1423 septentrionalem,

328 1456 484 1519 quae
517 1437 724 1524 hodie
753 1431 1020 1503 ¹sancti
1056 1438 1263 1502 Pauli
1302 1439 1579 1517 dicitur,
1614 1439 1943 1522 dirigens,
1970 1447 2050 1504 ut
2082 1459 2235 1504 eam

329 1537 720 1618 aperientes
768 1538 1102 1621 populum
1147 1539 1592 1605 introducant
1636 1540 1723 1604 de
1773 1539 1941 1605 foris
1980 1559 2235 1623 expec-

328 1642 637 1717 tantem3
706 1657 848 1720 qua
903 1640 1032 1702 sub
1092 1639 1279 1704 omni
1329 1639 1685 1728 celeritate
1749 1647 2081 1718 reserata,
2125 1639 2233 1702 in-

329 1756 609 1818 gressus
637 1745 746 1802 est
775 1738 1136 1803 exercitus·
1151 1737 1540 1818 universus,
1576 1747 1778 1805 sexta
1820 1739 2018 1817 feria,
2063 1738 2235 1802 hora

329 1856 536 1924 nona,
567 1839 858 1920 [mensis
886 1838 933 1903 J
938 1839 1063 1902 ulii
1090 1838 1358 1903 decima
1386 1839 1520 1904 die.
1628 1839 1858 1922 Capta
1884 1846 1992 1904 est
2023 1838 2237 1920 igitur

331 1937 578 2028 civitas
618 1936 1095 2020 Hierusalem]
1131 1958 1314 2003 anno
1365 1938 1651 2003 Domini
1702 1939 2064 2004 millesimo
2108 1957 2232 2002 no-

330 2039 687 2119 nagesimo
720 2057 930 2117 nono,
961 2057 1146 2103 anno
1178 2058 1269 2104 ex
1299 2059 1438 2120 quo
1467 2039 1705 2105 fideles
1741 2039 2002 2104 Christi
2036 2057 2235 2121 pere-

330 2137 508 2218 grini
565 2145 806 2202 votum
865 2146 936 2204 et
984 2139 1172 2203 viam
1230 2146 1348 2203 tan
1357 2146 1448 2203 tae
1498 2138 2077 2223 peregrinationis
2106 2145 2237 2202 'as-

331 2246 770 2320 sumpserant
801 2245 1092 2321 quarto;
1133 2237 1416 2304 sedente
1439 2239 1513 2302 in
1545 2238 1877 2306 cathedra
1912 2238 2234 2302 Romana

330 2356 514 2420 papa
584 2336 874 2402 Urbano
927 2338 1257 2416 secundo,
1328 2338 1807 2404 Romanorum
1868 2338 2235 2421 imperium

331 2436 858 2502 administrante
928 2436 1264 2516 Henrico,
1321 2437 1728 2503 Graecorum
1795 2457 1959 2503 vero
2019 2438 2234 2521 impe-

331 2545 559 2603 ratore
592 2536 847 2603 Alexio
875 2559 894 2618 3
943 2538 1016 2603 in
1051 2539 1349 2603 Francia
1401 2547 1741 2621 regnante
1777 2538 2126 2621 Philippo,
2162 2538 2236 2600 in

329 2636 592 2719 Anglia
645 2638 996 2704 Willelmo
1049 2638 1263 2716 Rufo,
1315 2646 1651 2721 regnante
1700 2639 1774 2701 in
1828 2640 2236 2721 perpetuum

330 2737 402 2800 in
459 2757 700 2802 omnes
747 2745 821 2802 et
877 2757 1087 2821 super
1143 2739 1374 2803 omnia
1424 2738 1730 2803 Domino
1770 2745 2012 2802 nostro
2061 2736 2108 2801 J
2114 2755 2237 2800 esu

332 2836 636 2915 Christo,
671 2838 785 2901 cui
817 2836 1037 2902 honor
1063 2844 1134 2925 et
1167 2838 1392 2921 gloria
1421 2859 1546 2922 per
1578 2838 1837 2907 saecula
1868 2836 2159 2902 infinita.

445 3012 546 3078 Do
575 3013 865 3079 ocoisione
901 3014 1244 3079 Tuo-corum
1275 3022 1332 3078 et
1358 3013 1858 3098 mundificatione
1889 3020 2111 3101 sancta:

1147 3114 1444 3179 civitatis·

432 3254 665 3338 Capta
708 3252 926 3335 igitur
971 3252 1256 3317 civitate
1299 3250 1763 3328 sanctissima,
1812 3251 1957 3315 dux
2004 3249 2238 3315 Gode·
2267 3260 2506 3350 sau-nem

335 3354 548 3418 fridus
603 3360 677 3417 et
728 3353 968 3416 fideles
1010 3370 1274 3430 omnes,
1327 3351 1449 3435 qui
1505 3370 1661 3415 cum
1718 3370 1802 3414 eo
1852 3358 2073 3428 erant,
2119 3368 2243 3431 per

335 3453 603 3535 plateas
648 3453 912 3517 strictis
953 3451 1205 3533 gladiis
1254 3452 1743 3527 discurrenteS‚
1776 3456 2121 3533 quotquot
2155 3447 2241 3513 de

338 3551 646 3618 hostibus
679 3544 1035 3634 reperiunt
1064 3552 1138 3614 in
1172 3570 1290 3614 ore
1323 3549 1538 3639 gladii
1568 3540 2034 3612 indifferenter
2081 3567 2241 3632 pro-

341 3659 701 3731 sternunt3
768 3659 970 3715 tanta
1022 3646 1298 3733 quoque
1352 3650 1920 3731 interemptorum
1966 3646 2239 3729 strages

341 3760 506 3831 erat,
567 3760 640 3816 et
703 3750 1152 3834 praecisorum
1208 3768 1500 3813 acervus
1567 3749 1895 3829 capitum,
1958 3753 2039 3810 ut
2089 3746 2242 3829 jam

343 3852 593 3915 nemini
627 3852 745 3916 via
778 3856 1050 3932 pateret
1076 3856 1202 3913 aut
1232 3847 1567 3912 transitus
1597 3848 1668 3910 ni
1709 3866 1918 3929 super
1948 3864 2241 3927 corpora

344 3958 874 4034 peremptorum.
935 3948 1284 4013 Latebant
1309 3953 1542 4011 autem
1574 3945 1800 4009 adhuc
1832 3943 1983 4007 haec
2013 3944 2246 4008 omnia

415 4179 432 4209 ¹
446 4180 616 4229 Sancti
626 4178 824 4242 Pauli]
857 4178 966 4227 The
991 4182 1109 4240 gate
1123 4176 1270 4225 north
1319 4176 1374 4225 S.
1386 4174 1639 4237 Stephen3
1674 4188 1731 4222 so
1745 4173 1887 4222 Will.
1900 4173 2033 4233 Tyre
2048 4171 2146 4220 and
2161 4172 2246 4221 the

346 4250 402 4299 of
417 4250 500 4299 the
520 4250 705 4313 temple
740 4250 892 4299 bears
923 4247 1009 4297 the
1044 4262 1190 4297 name
1223 4246 1280 4297 of
1322 4249 1443 4295 rest.
1477 4244 1575 4293 See
1592 4242 2246 4305 Pococke,ii.parti.p.21.

2266 3314 2396 3354 taken
