3108 5059
892 511 1123 559 nonu
1134 510 1171 560 S
1218 510 1732 560 ms'romARuM
1743 542 1760 559 .
2143 492 2276 557 195

366 682 545 743 rum,
584 665 1085 765 cujus9corpus
1123 670 1311 754 apud
1344 669 2043 735 westmonasterium
2075 668 2268 752 quie-
2294 685 2404 727 mn.
2425 687 2538 727 111⁸.

365 768 505 827 tem
550 767 931 850 sepulturae
974 771 1268 853 accepit,
1311 776 1382 834 et
1427 770 1659 834 anima
1702 769 1856 853 ejus
1898 787 1976 833 se
2019 768 2266 833 caelum

362 865 721 945 possidere
770 868 1203 934 evidentibus
1236 870 1455 953 signis
1499 877 1572 934 et
1615 869 1966 934 miraculis
2009 868 2268 933 crebris
2361 864 2368 870 ’

364 965 696 1031 ostendit.
824 966 1005 1033 Haec
1051 976 1283 1035 autem
1334 971 1580 1051 regina
1626 968 2023 1033 beatissima
2081 967 2268 1051 apud

363 1064 607 1128 urbem
662 1065 1179 1133 Londoniarum
1221 1070 1499 1134 domum
1544 1069 1916 1134 aedificavit
1957 1069 2268 1151 leproso-

365 1182 545 1241 rum,
590 1184 748 1230 cum
790 1170 1099 1233 oratorio
1142 1176 1214 1234 et
1257 1169 1547 1233 aedificio
1593 1169 2036 1251 competenti,
2079 1167 2267 1251 quod

366 1282 592 1347 usque
624 1265 829 1332 hodie
857 1267 1233 1352 Hospitale
1258 1268 1335 1333 M
1340 1269 1574 1334 atildis
1603 1275 2066 1352 nuncupatur.

704 1441 804 1505 De
832 1442 1069 1527 ori-qim
1094 1442 1335 1507 ordinis
1360 1442 1606 1509 milities
1641 1441 1901 1529 Templi.

474 1558 715 1629 Circa¹
740 1565 890 1631 dies
921 1567 1096 1632 istos
1128 1567 1260 1632 viri
1289 1568 1570 1650 quidam
1599 1566 1866 1631 nobiles
1900 1566 1986 1631 de
2013 1585 2265 1650 eques-
2289 1584 2464 1684 omega
2438 1584 2486 1623 or

370 1664 461 1726 tri
507 1664 770 1742 ordine,
809 1666 1117 1749 religiosi
1158 1685 1241 1732 ac
1274 1668 1499 1732 Deum
1532 1668 1877 1744 timentes,
1911 1667 1984 1730 in
2019 1686 2264 1730 manus
2286 1636 2362 1775 {¹¹
2330 1635 2505 1775 ἕέἓι

373 1764 793 1845 patriarchae
845 1766 1488 1851 Hierosolymitani,
1544 1767 1806 1832 Christi
1859 1786 1935 1830 se
1981 1736 2330 1831 servitio⁰

372 1865 880 1947 mancipantes,
925 1886 1115 1932 more
1166 1868 1658 1932 canonicorum
1702 1866 2148 1949 regularium,
2193 1866 2265 1928 in

370 1964 699 2030 castitate
746 1973 816 2031 et
866 1966 1259 2033 obedientia
1305 1968 1742 2051 propriaeque
1775 1966 2120 2032 voluntati
2162 1985 2267 2029 re-

374 2065 805 2144 nuntiantes,
844 2073 1180 2151 perpetuo
1220 2067 1457 2133 vivere
1494 2076 1662 2133 sunt
1693 2065 1988 2151 professi
2018 2087 2036 2143 ;
2097 2084 2265 2149 quo-

374 2184 527 2227 rum
591 2165 795 2248 primi
854 2167 1135 2233 fuerunt
1199 2168 1333 2233 viri
1378 2167 1832 2245 venerabileS,
1901 2165 2118 2248 Hugo
2181 2165 2268 2229 de

378 2263 695 2346 Paganis
763 2274 837 2331 et
894 2266 1315 2332 Godefridus
1373 2267 1459 2333 de
1519 2267 1778 2332 Sancto
1842 2264 2267 2331 Audemaro.

378 2362 521 2442 Qui
571 2384 729 2429 cum
794 2374 982 2431 certe
1042 2387 1181 2432 non
1249 2367 1586 2432 haberent
1639 2355 2083 2443 domicilium,
2142 2385 2270 2429 rex

364 2463 826 2558 *Baldewinus
872 2466 946 2531 in
974 2468 1238 2550 palatio
1282 2487 1435 2546 suo,
1469 2466 1657 2552 quod
1704 2486 1904 2532 secus
1937 2466 2270 2549 templum

374 2565 663 2630 Domini
696 2566 785 2630 ad
825 2568 1201 2632 australem
1242 2567 1544 2634 habebat
1587 2567 1893 2651 plagam,
1935 2568 2036 2630 eis
2079 2565 2276 2630 hahi-

377 2665 687 2731 taculum
728 2667 1113 2748 concessit3
1160 2669 1477 2733 canonici
1512 2687 1679 2734 vero
1720 2667 1961 2748 templi
1993 2664 2276 2730 Domini

374 2766 729 2849 plataeam,
764 2787 974 2850 quam
1015 2768 1202 2832 circa
1246 2768 1653 2851 praedictum
1689 2766 2041 2831 habebant
2081 2764 2276 2848 pala-

380 2867 580 2944 tium,
609 2866 698 2930 ad
724 2866 1033 2932 officinas
1064 2868 1568 2940 construendas
1590 2873 2108 2945 concesserunt3
2149 2885 2274 2949 pa-

380 2965 688 3032 triarcha
736 2986 1015 3050 quoque
1058 2975 1128 3032 et
1173 2988 1322 3042 rex,
1372 2988 1524 3032 cum
1556 2968 1719 3031 suis
1761 2965 2160 3050 proceribus
2204 2973 2276 3029 et

378 3067 538 3131 aliis
582 3067 1031 3132 ecclesiarum
1077 3067 1414 3151 praelatiS,
1452 3067 1539 3132 de
1583 3068 1880 3150 propriis
1918 3065 2277 3131 dominicis

378 3167 525 3231 suis
560 3186 689 3249 pro
729 3167 919 3233 victu
962 3175 1033 3232 et
1064 3168 1321 3232 vestitu
1357 3177 1550 3232 certa
1589 3168 1690 3231 eis
1739 3166 2070 3232 beneficia
2111 3184 2276 3228 con-

378 3266 715 3330 tulerunt.
818 3266 1059 3331 Prima
1091 3286 1330 3332 eorum
1364 3267 1702 3351 professio
1739 3273 1911 3343 erat,
1940 3273 2038 3342 ut,
2065 3266 2140 3329 in
2168 3284 2274 3328 re-

378 3367 777 3431 missionem
806 3374 1246 3450 peccatorum
1281 3385 1590 3446 suorum,
1623 3367 1775 3432 vias
1806 3373 1875 3430 et
1904 3364 2156 3447 itiner}
2186 3364 2274 3428 ad

380 3467 683 3532 salutem
736 3468 1254 3549 peregrinorum
1302 3474 1549 3533 contra
1599 3468 1950 3532 latronum
1992 3464 2278 3530 insidias

382 3585 506 3649 pro
558 3566 823 3632 viribus
867 3575 1399 3646 conservarent3
1461 3567 1766 3645 tandem,
1817 3574 1976 3649 post
2031 3584 2279 3630 novem

383 3685 628 3745 annoS,
672 3666 747 3730 in
793 3667 1082 3732 concilio
1131 3666 1373 3732 Trecis
1420 3667 1770 3732 celebrato
1807 3667 2129 3730 instituta
2174 3670 2281 3728 est

384 3768 481 3831 eis
528 3763 800 3849 regula,
841 3773 912 3831 et
950 3766 1229 3832 habitus
1265 3768 1463 3832 albus
1508 3787 1552 3831 a
1601 3785 1788 3851 papa
1826 3763 2141 3829 Honorio
2173 3783 2280 3827 as·

383 3866 726 3950 signatus,
760 3873 834 3931 et
862 3866 1169 3932 decursis
1199 3867 1342 3931 fere
1374 3887 1623 3931 novem
1659 3867 1883 3942 annis,
1931 3866 2052 3948 qui
2090 3863 2282 3948 prius

386 3985 631 4032 novem
667 3966 949 4031 fuerunt
976 3967 1482 4045 tantummodo,
1515 3967 1732 4051 coepit
1769 3985 2005 4031 eorum
2047 3983 2285 4028 nume-

390 4085 507 4130 rus
555 4067 824 4148 angeri,
862 4071 934 4130 et
974 4067 1449 4150 possessiones
1488 4067 1563 4130 in
1595 4067 2026 4130 immensum.
2080 4064 2288 4129 Post-

456 4241 476 4275 ¹
500 4244 651 4294 Circa
664 4244 768 4293 dies
782 4244 946 4307 istum]
978 4244 1087 4294 The
1102 4250 1319 4295 account
1369 4259 1421 4306 p.
1440 4247 1570 4304 8193
1605 4255 1837 4304 compare
1858 4242 1984 4291 with
1999 4242 2041 4291 it
2058 4241 2292 4303 Miroeus,

390 4314 649 4377 following
658 4314 706 4365 in
718 4313 846 4364 from
858 4314 1087 4365 william
1099 4315 1159 4365 of
1166 4315 1319 4378 Tyre,
1372 4313 1500 4365 Ord.
1519 4313 1757 4376 Equestr.
1779 4313 1870 4362 lib.
1889 4313 1926 4363 i.
1949 4313 1977 4374 θ
1994 4313 2184 4432 ἱνὲεω.
