3108 5059
527 639 638 680 AJ).
659 639 772 681 1179.

847 447 980 513 402
1085 469 1092 473 ·
1361 465 1633 514 uocum
1682 466 1775 514 nu
1820 465 2236 515 wimnovnu

851 643 990 690 non
1031 631 1142 688 est
1185 641 1550 706 generans,
1596 641 1821 706 neque
1864 621 2125 704 genita,
2173 638 2302 684 nec
2348 619 2753 702 procedens,-

853 723 1118 788 Gontra
1171 724 1354 789 hanc
1409 723 1865 789 assertionem
1920 721 2248 805 opposuit
2302 720 2519 784 abbas
2573 739 2755 802 prae-

851 825 1062 902 satus,
1082 825 1268 908 quod
1297 844 1436 891 non
1471 831 1615 888 tam
1638 823 2016 888 trinitatem
2052 820 2457 888 adstruebat
2476 820 2551 887 in
2574 820 2757 899 Dec,

849 942 1060 1008 quam
1115 925 1679 1008 quaternitatem,
1726 929 1871 988 tres
1922 921 2246 989 videlicet
2292 939 2625 1003 personas
2682 929 2757 986 et

852 1024 1045 1089 illam
1093 1043 1522 1090 communem
1572 1023 1941 1088 essentiam
1992 1021 2193 1107 quasi
2240 1028 2560 1105 quartam
2603 1041 2753 1088 ma·-

853 1123 1104 1190 nifeste
1154 1131 1593 1208 protestans3
1650 1123 1835 1207 quod
1882 1122 2077 1188 nulla
2129 1141 2239 1187 res
2291 1128 2400 1186 est
2454 1141 2613 1205 quae
2658 1122 2755 1186 sit

854 1222 1072 1290 Pater
1103 1231 1176 1289 et
1213 1225 1434 1290 Filius
1467 1231 1540 1289 et
1572 1223 1870 1307 Spiritus
1904 1223 2227 1300 Sanctus,
2263 1240 2390 1286 nec
2425 1221 2751 1300 essentia,

851 1344 979 1390 nec
1036 1325 1454 1401 substantia,
1503 1343 1633 1389 nec
1689 1332 1965 1402 natura,
2022 1322 2342 1407 quamvis
2388 1322 2751 1400 concedat,

851 1425 1038 1508 quod
1101 1425 1315 1491 Pater
1363 1431 1436 1490 et
1488 1424 1713 1489 Filius
1760 1431 1833 1490 et
1884 1423 2183 1507 Spiritus
2236 1421 2534 1488 Sanctus
2582 1431 2749 1488 sunt

851 1543 993 1588 una
1029 1525 1356 1602 essentia,
1397 1544 1540 1589 una
1582 1524 1999 1602 substantia,
2042 1530 2115 1588 et
2154 1541 2298 1588 una
2338 1529 2632 1604 natura3
2680 1532 2753 1589 et

851 1623 1032 1689 hanc
1081 1644 1282 1690 suam
1331 1625 1783 1691 assertionem
1824 1624 2007 1690 idem
2052 1622 2101 1687 J
2106 1622 2377 1689 oachim
2430 1613 2539 1688 his
2592 1641 2753 1708 quae

851 1732 1239 1809 sequuntur
1301 1723 1833 1790 auctoritatibus
1894 1722 2214 1802 affirmat,
2268 1728 2288 1758 ‘
2322 1722 2499 1788 Tres
2560 1731 2753 1802 sunt,

851 1825 972 1906 qui
1005 1826 1473 1891 testimonium
1513 1825 1686 1890 dant
1722 1825 1794 1888 in
1826 1825 2025 1902 caelo,
2061 1822 2299 1902 Pater,
2333 1822 2645 1888 Verbum
2678 1833 2751 1890 et

849 1923 1151 2008 Spiritus
1193 1925 1518 2000 SanctuS,
1559 1933 1631 1991 et
1672 1924 1767 1990 hii
1812 1932 1953 1990 tres
1998 1943 2211 1990 unum
2246 1929 2447 2004 sunt3
2496 1932 2568 1988 et
2606 1930 2749 1988 tres

848 2033 1039 2103 sunt,
1097 2027 1220 2109 qui
1284 2026 1749 2091 testimonium
1815 2025 1986 2090 dant
2026 2025 2101 2088 in
2164 2031 2374 2101 terra,
2434 2025 2749 2107 spirituS,

849 2143 1034 2208 aqua
1077 2132 1147 2190 et
1198 2126 1512 2208 sanguis,
1559 2134 1631 2190 et
1667 2125 1766 2190 hii
1810 2133 1953 2190 tres
2000 2145 2214 2190 unum
2268 2131 2433 2191 sunt
2457 2124 2511 2204 3’
2553 2125 2746 2203 item,

849 2230 869 2259 ‘
891 2225 1101 2304 Volo,
1139 2225 1376 2305 Pater,
1409 2233 1489 2290 ut
1519 2226 1663 2291 siut
1696 2245 1908 2292 unum
1945 2226 2019 2290 in
2050 2224 2275 2302 nobis,
2306 2226 2489 2290 sicut
2518 2233 2589 2290 et
2618 2245 2749 2290 nos

847 2345 1064 2388 unum
1100 2327 1383 2390 sumus.'
1488 2325 1693 2390 Unde
1730 2327 2028 2404 videtur,
2066 2325 2253 2408 quod
2286 2345 2477 2408 saepe
2518 2325 2749 2391 dictus

844 2423 893 2488 J
898 2424 1166 2490 oachim
1219 2425 1613 2512 hujusmodi
1646 2427 1985 2492 unitatem
2023 2445 2163 2491 non
2192 2445 2431 2491 veram
2475 2433 2545 2490 et
2580 2445 2745 2509 pro·

842 2527 1090 2609 priam,
1143 2527 1264 2592 sed
1332 2527 1532 2611 qnasi
1589 2527 2023 2607 collectivam
2073 2534 2145 2592 et
2197 2525 2747 2593 similitudinari-

842 2644 956 2692 am
1001 2647 1154 2692 esse
1197 2627 1524 2705 fateatur,
1568 2628 2144 2711 quemadmodum
2189 2627 2396 2692 multi
2428 2627 2746 2693 homines

745 2724 750 2729 ’
839 2726 1166 2793 dicuntur
1209 2746 1388 2793 unus
1434 2728 1760 2812 populuS,
1806 2736 1877 2793 et
1921 2727 2121 2793 multi
2164 2728 2400 2793 fideles
2444 2747 2585 2794 una
2628 2748 2744 2793 ec-

510 3141 604 3183 'rho
618 3142 770 3193 heresy

509 3192 558 3230 of
567 3193 763 3237 senonim

514 3244 792 3285 condemned.

839 2826 1073 2893 clesia.

896 2999 1073 3080 Quod
1083 3021 1271 3087 papa
1301 3002 1703 3067 Innocentius
1732 3001 2003 3068 libellum
2032 3002 2323 3067 Joaohim
2350 3004 2696 3068 damnavit.

937 3125 1150 3193 Stetit
1198 3134 1429 3191 autem
1491 3127 1643 3192 haec
1702 3128 2237 3195 indeterminata
2291 3128 2652 3193 altercatio
2698 3149 2743 3195 a

836 3225 1078 3291 diebus
1127 3224 1515 3291 Alexandri
1566 3246 1771 3312 papae
1825 3247 2048 3312 usque
2102 3229 2176 3295 in
2235 3236 2549 3312 tempora
2614 3229 2740 3293 In-

835 3327 1138 3391 nocentii
1180 3346 1384 3410 papae
1429 3348 1556 3411 per
1599 3346 1821 3394 annos
1866 3329 2145 3405 multoS,
2189 3329 2589 3395 sedentibus
2630 3330 2739 3393 in-

834 3431 942 3489 ter
969 3446 1088 3491 eos
1121 3426 1195 3491 in
1225 3427 1556 3493 cathedra
1584 3426 1910 3495 Romana
1947 3427 2187 3507 Lucio,
2219 3428 2531 3507 Urbano,
2560 3428 2739 3494 Gre-

833 3526 1051 3607 gorio,
1079 3526 1436 3593 Clemente
1465 3535 1537 3593 et
1570 3526 1973 3607 Caelestino,
2002 3528 2447 3612 pontificibus
2470 3528 2736 3595 Roma-

832 3625 980 3705 nis3
1028 3627 1276 3709 quibus
1321 3628 1699 3693 succedens
1746 3628 2196 3695 Innocentius
2239 3629 2513 3707 tertius,
2548 3648 2739 3695 anno

834 3724 1117 3790 Domini
1174 3728 1539 3793 millesimo
1594 3728 2066 3794 ducentesimo
2128 3729 2397 3794 decimo
2466 3730 2735 3813 quinto,-

835 3825 1082 3890 Romae
1117 3828 1438 3909 generale
1466 3828 1830 3894 concilium
1864 3829 2244 3907 celebrans,
2273 3829 2582 3893 libellum
2610 3832 2736 3896 ab·

830 3926 1016 3989 batis
1070 3925 1117 3991 J
1123 3927 1419 4008 oachim,
1470 3948 1674 4012 quem
1725 3937 1970 3995 contra
2023 3929 2311 3994 Petrum
2354 3937 2426 3994 et
2476 3930 2735 3995 articu-

828 4022 974 4089 lum
1027 4026 1338 4094 ediderat
1390 4029 1825 4112 praedictum,
1876 4030 1983 4094 his
2038 4030 2269 4095 verbis
2325 4029 2731 4112 damnavit3

825 4128 847 4157 ‘
880 4119 1111 4202 NoS,’¹
1156 4127 1408 4211 inquit,
1464 4135 1484 4164 ‘
1517 4148 1717 4195 sacro
1766 4137 1837 4194 et
1880 4130 2256 4195 universali
2299 4132 2731 4214 approbante

1275 4294 1291 4326 ¹
1309 4297 1460 4360 Noa]
1483 4298 1744 4362 Harduin,
1768 4302 1889 4348 tom.
1912 4299 2000 4363 yii.
2025 4298 2122 4348 col.
2150 4300 2229 4348 17.
