<?xml version="1.0" encoding="UTF-8"?>
<!DOCTYPE html PUBLIC "-//W3C//DTD XHTML 1.0 Transitional//EN"
    "http://www.w3.org/TR/xhtml1/DTD/xhtml1-transitional.dtd">
<html xmlns="http://www.w3.org/1999/xhtml" xml:lang="en" lang="en">
 <head>
  <title>
</title>
<meta http-equiv="Content-Type" content="text/html;charset=utf-8" />
  <meta name='ocr-system' content='tesseract 3.04.00' />
  <meta name='ocr-capabilities' content='ocr_page ocr_carea ocr_par ocr_line ocrx_word'/>
</head>
<body>
  <div class='ocr_page' id='page_1' title='image "./rogeridewendove00coxegoog_0362.png"; bbox 0 0 3108 5059; ppageno 0'>
   <div class='ocr_carea' id='block_1_1' title="bbox 844 485 2243 552">
    <p class='ocr_par' dir='ltr' id='par_1_1' title="bbox 844 485 2243 552">
     <span class='ocr_line' id='line_1_1' title="bbox 844 485 2243 552; baseline -0.003 0"><span class='ocrx_word' id='word_1_1' title='bbox 844 485 977 552; x_wconf 77' lang='lat'><strong>854</strong></span> <span class='ocrx_word' id='word_1_2' title='bbox 1367 501 1639 550; x_wconf 71' lang='lat' dir='ltr'><strong>uocum</strong></span> <span class='ocrx_word' id='word_1_3' title='bbox 1686 501 1782 551; x_wconf 77' lang='lat' dir='ltr'><strong>nn</strong></span> <span class='ocrx_word' id='word_1_4' title='bbox 1826 499 2243 552; x_wconf 68' lang='lat' dir='ltr'><strong>wnunovsn</strong></span> 
     </span>
    </p>
   </div>
   <div class='ocr_carea' id='block_1_2' title="bbox 525 657 2751 750">
    <p class='ocr_par' dir='ltr' id='par_1_2' title="bbox 525 657 2751 750">
     <span class='ocr_line' id='line_1_2' title="bbox 525 657 2751 750; baseline -0.001 -24"><span class='ocrx_word' id='word_1_5' title='bbox 525 685 638 727; x_wconf 63' lang='lat' dir='ltr'><strong>Am.</strong></span> <span class='ocrx_word' id='word_1_6' title='bbox 658 686 772 728; x_wconf 79' lang='lat' dir='ltr'><strong>mo.</strong></span> <span class='ocrx_word' id='word_1_7' title='bbox 849 659 1098 728; x_wconf 87' lang='lat' dir='ltr'><strong>hannis</strong></span> <span class='ocrx_word' id='word_1_8' title='bbox 1123 663 1492 748; x_wconf 73' lang='lat' dir='ltr'><strong>Baptistae,</strong></span> <span class='ocrx_word' id='word_1_9' title='bbox 1515 663 1717 750; x_wconf 86' lang='lat' dir='ltr'><strong>cujus</strong></span> <span class='ocrx_word' id='word_1_10' title='bbox 1746 661 2189 748; x_wconf 80' lang='lat' dir='ltr'><strong>sepulchrum</strong></span> <span class='ocrx_word' id='word_1_11' title='bbox 2218 679 2439 744; x_wconf 87' lang='lat' dir='ltr'><strong>usque</strong></span> <span class='ocrx_word' id='word_1_12' title='bbox 2469 657 2542 724; x_wconf 90' lang='lat' dir='ltr'><strong>in</strong></span> <span class='ocrx_word' id='word_1_13' title='bbox 2569 657 2751 724; x_wconf 88' lang='lat' dir='ltr'><strong>diem</strong></span> 
     </span>
    </p>
   </div>
   <div class='ocr_carea' id='block_1_3' title="bbox 525 738 2433 846">
    <p class='ocr_par' dir='ltr' id='par_1_3' title="bbox 525 738 2433 846">
     <span class='ocr_line' id='line_1_3' title="bbox 525 738 2433 846; baseline -0.001 -19"><span class='ocrx_word' id='word_1_14' title='bbox 525 738 576 827; x_wconf 63' lang='lat'><strong>{1¹</strong></span> <span class='ocrx_word' id='word_1_15' title='bbox 577 738 754 827; x_wconf 52' lang='lat' dir='ltr'><strong>m.</strong></span> <span class='ocrx_word' id='word_1_16' title='bbox 851 762 1258 829; x_wconf 86' lang='lat' dir='ltr'><strong>hodiernum</strong></span> <span class='ocrx_word' id='word_1_17' title='bbox 1291 773 1615 830; x_wconf 81' lang='lat' dir='ltr'><strong>coruscat</strong></span> <span class='ocrx_word' id='word_1_18' title='bbox 1648 763 1996 829; x_wconf 75' lang='lat' dir='ltr'><strong>miraculis</strong></span> <span class='ocrx_word' id='word_1_19' title='bbox 2030 762 2433 846; x_wconf 83' lang='lat' dir='ltr'><strong>gloriosum.</strong></span> 
     </span>
    </p>
   </div>
   <div class='ocr_carea' id='block_1_4' title="bbox 521 953 2779 3566">
    <p class='ocr_par' dir='ltr' id='par_1_4' title="bbox 1153 953 2450 1043">
     <span class='ocr_line' id='line_1_4' title="bbox 1153 953 2450 1043; baseline -0.002 -23"><span class='ocrx_word' id='word_1_20' title='bbox 1153 955 1252 1021; x_wconf 81' lang='lat' dir='ltr'><strong>De</strong></span> <span class='ocrx_word' id='word_1_21' title='bbox 1283 955 1669 1022; x_wconf 71' lang='lat' dir='ltr'><strong>coronatione</strong></span> <span class='ocrx_word' id='word_1_22' title='bbox 1701 955 1863 1043; x_wconf 72' lang='lat' dir='ltr'><strong>royis</strong></span> <span class='ocrx_word' id='word_1_23' title='bbox 1894 954 2167 1020; x_wconf 54' lang='grc' dir='ltr'><strong>Παιονίαν·</strong></span> <span class='ocrx_word' id='word_1_24' title='bbox 2178 953 2450 1040; x_wconf 69' lang='lat' dir='ltr'><strong>juvenis.</strong></span> 
     </span>
    </p>

    <p class='ocr_par' dir='ltr' id='par_1_5' title="bbox 521 1075 2779 2963">
     <span class='ocr_line' id='line_1_5' title="bbox 521 1075 2748 1176; baseline 0 -34"><span class='ocrx_word' id='word_1_25' title='bbox 521 1084 776 1176; x_wconf 53' lang='lat' dir='ltr'><strong>mm</strong></span> <span class='ocrx_word' id='word_1_26' title='bbox 956 1078 1218 1145; x_wconf 87' lang='lat' dir='ltr'><strong>Eodem</strong></span> <span class='ocrx_word' id='word_1_27' title='bbox 1257 1087 1591 1162; x_wconf 87' lang='lat' dir='ltr'><strong>tempore,</strong></span> <span class='ocrx_word' id='word_1_28' title='bbox 1630 1080 1699 1144; x_wconf 92' lang='lat' dir='ltr'><strong>id</strong></span> <span class='ocrx_word' id='word_1_29' title='bbox 1748 1087 1856 1144; x_wconf 88' lang='lat' dir='ltr'><strong>est</strong></span> <span class='ocrx_word' id='word_1_30' title='bbox 1899 1097 2082 1143; x_wconf 87' lang='lat' dir='ltr'><strong>anno</strong></span> <span class='ocrx_word' id='word_1_31' title='bbox 2128 1075 2414 1142; x_wconf 87' lang='lat' dir='ltr'><strong>Domini</strong></span> <span class='ocrx_word' id='word_1_32' title='bbox 2458 1093 2748 1142; x_wconf 71' lang='lat' dir='ltr'><strong>Monxx.</strong></span> 
     </span>
     <span class='ocr_line' id='line_1_6' title="bbox 525 1177 2753 1260; baseline -0.001 -17"><span class='ocrx_word' id='word_1_33' title='bbox 525 1187 688 1238; x_wconf 71' lang='lat' dir='ltr'><strong>Hem·</strong></span> <span class='ocrx_word' id='word_1_34' title='bbox 851 1178 1080 1244; x_wconf 84' lang='lat' dir='ltr'><strong>idibus</strong></span> <span class='ocrx_word' id='word_1_35' title='bbox 1101 1179 1148 1246; x_wconf 84' lang='lat' dir='ltr'><strong>J</strong></span> <span class='ocrx_word' id='word_1_36' title='bbox 1154 1179 1300 1258; x_wconf 90' lang='lat' dir='ltr'><strong>ulii,</strong></span> <span class='ocrx_word' id='word_1_37' title='bbox 1327 1187 1800 1245; x_wconf 86' lang='lat' dir='ltr'><strong>convenerunt</strong></span> <span class='ocrx_word' id='word_1_38' title='bbox 1833 1178 1920 1243; x_wconf 89' lang='lat' dir='ltr'><strong>ad</strong></span> <span class='ocrx_word' id='word_1_39' title='bbox 1955 1179 2358 1242; x_wconf 89' lang='lat' dir='ltr'><strong>mandatum</strong></span> <span class='ocrx_word' id='word_1_40' title='bbox 2389 1178 2570 1260; x_wconf 85' lang='lat' dir='ltr'><strong>regis</strong></span> <span class='ocrx_word' id='word_1_41' title='bbox 2600 1177 2753 1242; x_wconf 88' lang='lat' dir='ltr'><strong>An-</strong></span> 
     </span>
     <span class='ocr_line' id='line_1_7' title="bbox 851 1277 2752 1362; baseline -0.001 -19"><span class='ocrx_word' id='word_1_42' title='bbox 851 1280 1120 1362; x_wconf 84' lang='lat' dir='ltr'><strong>glorum</strong></span> <span class='ocrx_word' id='word_1_43' title='bbox 1175 1279 1464 1344; x_wconf 88' lang='lat' dir='ltr'><strong>Henrici</strong></span> <span class='ocrx_word' id='word_1_44' title='bbox 1525 1280 1711 1362; x_wconf 88' lang='lat' dir='ltr'><strong>apud</strong></span> <span class='ocrx_word' id='word_1_45' title='bbox 1754 1277 2451 1344; x_wconf 79' lang='lat' dir='ltr'><strong>westmonasterium</strong></span> <span class='ocrx_word' id='word_1_46' title='bbox 2513 1277 2752 1360; x_wconf 84' lang='lat' dir='ltr'><strong>Roge-</strong></span> 
     </span>
     <span class='ocr_line' id='line_1_8' title="bbox 849 1377 2755 1462; baseline -0.002 -18"><span class='ocrx_word' id='word_1_47' title='bbox 849 1397 995 1458; x_wconf 85' lang='lat' dir='ltr'><strong>rus,</strong></span> <span class='ocrx_word' id='word_1_48' title='bbox 1027 1381 1486 1444; x_wconf 89' lang='lat' dir='ltr'><strong>Eboracensis</strong></span> <span class='ocrx_word' id='word_1_49' title='bbox 1521 1378 2101 1462; x_wconf 86' lang='lat' dir='ltr'><strong>archiepiscopus,</strong></span> <span class='ocrx_word' id='word_1_50' title='bbox 2136 1385 2207 1443; x_wconf 87' lang='lat' dir='ltr'><strong>et</strong></span> <span class='ocrx_word' id='word_1_51' title='bbox 2236 1397 2474 1442; x_wconf 90' lang='lat' dir='ltr'><strong>omnes</strong></span> <span class='ocrx_word' id='word_1_52' title='bbox 2506 1377 2755 1442; x_wconf 85' lang='lat' dir='ltr'><strong>suffra-</strong></span> 
     </span>
     <span class='ocr_line' id='line_1_9' title="bbox 850 1471 2750 1563; baseline -0.001 -20"><span class='ocrx_word' id='word_1_53' title='bbox 850 1481 1055 1560; x_wconf 86' lang='lat' dir='ltr'><strong>ganei</strong></span> <span class='ocrx_word' id='word_1_54' title='bbox 1097 1479 1621 1544; x_wconf 87' lang='lat' dir='ltr'><strong>Cantuariensis</strong></span> <span class='ocrx_word' id='word_1_55' title='bbox 1664 1479 1975 1544; x_wconf 82' lang='lat' dir='ltr'><strong>ecclesiae</strong></span> <span class='ocrx_word' id='word_1_56' title='bbox 2021 1479 2351 1563; x_wconf 82' lang='lat' dir='ltr'><strong>episcopi,</strong></span> <span class='ocrx_word' id='word_1_57' title='bbox 2390 1478 2479 1544; x_wconf 88' lang='lat' dir='ltr'><strong>ad</strong></span> <span class='ocrx_word' id='word_1_58' title='bbox 2520 1471 2750 1542; x_wconf 88' lang='lat' dir='ltr'><strong>¹coro-</strong></span> 
     </span>
     <span class='ocr_line' id='line_1_10' title="bbox 849 1577 2748 1662; baseline 0.002 -22"><span class='ocrx_word' id='word_1_59' title='bbox 849 1579 1198 1644; x_wconf 89' lang='lat' dir='ltr'><strong>nationem</strong></span> <span class='ocrx_word' id='word_1_60' title='bbox 1241 1579 1532 1644; x_wconf 88' lang='lat' dir='ltr'><strong>Henrici</strong></span> <span class='ocrx_word' id='word_1_61' title='bbox 1570 1580 1696 1643; x_wconf 89' lang='lat' dir='ltr'><strong>filii</strong></span> <span class='ocrx_word' id='word_1_62' title='bbox 1731 1579 1913 1660; x_wconf 77' lang='lat' dir='ltr'><strong>reg-is</strong></span> <span class='ocrx_word' id='word_1_63' title='bbox 1951 1577 2415 1662; x_wconf 85' lang='lat' dir='ltr'><strong>primogeniti,</strong></span> <span class='ocrx_word' id='word_1_64' title='bbox 2450 1577 2593 1661; x_wconf 89' lang='lat' dir='ltr'><strong>qui,</strong></span> <span class='ocrx_word' id='word_1_65' title='bbox 2626 1597 2748 1662; x_wconf 90' lang='lat' dir='ltr'><strong>pa-</strong></span> 
     </span>
     <span class='ocr_line' id='line_1_11' title="bbox 849 1677 2750 1763; baseline 0.001 -21"><span class='ocrx_word' id='word_1_66' title='bbox 849 1685 956 1742; x_wconf 92' lang='lat' dir='ltr'><strong>tre</strong></span> <span class='ocrx_word' id='word_1_67' title='bbox 995 1677 1304 1763; x_wconf 88' lang='lat' dir='ltr'><strong>jubente,</strong></span> <span class='ocrx_word' id='word_1_68' title='bbox 1346 1686 1721 1744; x_wconf 89' lang='lat' dir='ltr'><strong>coronatus</strong></span> <span class='ocrx_word' id='word_1_69' title='bbox 1768 1685 1877 1744; x_wconf 88' lang='lat' dir='ltr'><strong>est</strong></span> <span class='ocrx_word' id='word_1_70' title='bbox 1913 1677 2314 1742; x_wconf 88' lang='lat' dir='ltr'><strong>solemniter</strong></span> <span class='ocrx_word' id='word_1_71' title='bbox 2354 1697 2397 1741; x_wconf 89' lang='lat' dir='ltr'><strong>a</strong></span> <span class='ocrx_word' id='word_1_72' title='bbox 2440 1677 2750 1761; x_wconf 85' lang='lat' dir='ltr'><strong>Rogero,</strong></span> 
     </span>
     <span class='ocr_line' id='line_1_12' title="bbox 850 1777 2751 1862; baseline 0.001 -20"><span class='ocrx_word' id='word_1_73' title='bbox 850 1777 1273 1844; x_wconf 84' lang='lat' dir='ltr'><strong>Eboracensi</strong></span> <span class='ocrx_word' id='word_1_74' title='bbox 1320 1779 1865 1862; x_wconf 85' lang='lat' dir='ltr'><strong>archiepiscopo,</strong></span> <span class='ocrx_word' id='word_1_75' title='bbox 1908 1785 2161 1861; x_wconf 91' lang='lat' dir='ltr'><strong>quarto</strong></span> <span class='ocrx_word' id='word_1_76' title='bbox 2203 1777 2467 1842; x_wconf 86' lang='lat' dir='ltr'><strong>decimo</strong></span> <span class='ocrx_word' id='word_1_77' title='bbox 2514 1777 2751 1843; x_wconf 87' lang='lat' dir='ltr'><strong>kalen-</strong></span> 
     </span>
     <span class='ocr_line' id='line_1_13' title="bbox 848 1873 2779 1963; baseline -0.001 -22"><span class='ocrx_word' id='word_1_78' title='bbox 848 1877 974 1943; x_wconf 85' lang='lat' dir='ltr'><strong>das</strong></span> <span class='ocrx_word' id='word_1_79' title='bbox 1003 1876 1050 1943; x_wconf 84' lang='lat' dir='ltr'><strong>J</strong></span> <span class='ocrx_word' id='word_1_80' title='bbox 1056 1880 1204 1958; x_wconf 89' lang='lat' dir='ltr'><strong>ulii,</strong></span> <span class='ocrx_word' id='word_1_81' title='bbox 1231 1886 1475 1944; x_wconf 86' lang='lat' dir='ltr'><strong>contra</strong></span> <span class='ocrx_word' id='word_1_82' title='bbox 1493 1873 2058 1963; x_wconf 75' lang='lat' dir='ltr'><strong>²&#39;prohibitionem</strong></span> <span class='ocrx_word' id='word_1_83' title='bbox 2087 1878 2347 1942; x_wconf 90' lang='lat' dir='ltr'><strong>domini</strong></span> <span class='ocrx_word' id='word_1_84' title='bbox 2374 1897 2596 1961; x_wconf 76' lang='lat' dir='ltr'><strong>papae,</strong></span> <span class='ocrx_word' id='word_1_85' title='bbox 2626 1880 2779 1962; x_wconf 84' lang='lat' dir='ltr'><strong>qui.</strong></span> 
     </span>
     <span class='ocr_line' id='line_1_14' title="bbox 847 1977 2748 2064; baseline 0.002 -24"><span class='ocrx_word' id='word_1_86' title='bbox 847 1977 1088 2043; x_wconf 82' lang='lat' dir='ltr'><strong>literas</strong></span> <span class='ocrx_word' id='word_1_87' title='bbox 1128 1978 1265 2063; x_wconf 89' lang='lat' dir='ltr'><strong>ipsi</strong></span> <span class='ocrx_word' id='word_1_88' title='bbox 1306 1980 1825 2064; x_wconf 89' lang='lat' dir='ltr'><strong>archiepiscopo</strong></span> <span class='ocrx_word' id='word_1_89' title='bbox 1860 1986 1931 2044; x_wconf 86' lang='lat' dir='ltr'><strong>et</strong></span> <span class='ocrx_word' id='word_1_90' title='bbox 1965 1978 2121 2043; x_wconf 88' lang='lat' dir='ltr'><strong>aliis</strong></span> <span class='ocrx_word' id='word_1_91' title='bbox 2165 1979 2507 2061; x_wconf 87' lang='lat' dir='ltr'><strong>episcopis</strong></span> <span class='ocrx_word' id='word_1_92' title='bbox 2550 1980 2748 2060; x_wconf 83' lang='lat' dir='ltr'><strong>regni</strong></span> 
     </span>
     <span class='ocr_line' id='line_1_15' title="bbox 847 2077 2745 2160; baseline 0.002 -19"><span class='ocrx_word' id='word_1_93' title='bbox 847 2077 922 2141; x_wconf 92' lang='lat' dir='ltr'><strong>in</strong></span> <span class='ocrx_word' id='word_1_94' title='bbox 948 2078 1099 2144; x_wconf 80' lang='lat' dir='ltr'><strong>haec</strong></span> <span class='ocrx_word' id='word_1_95' title='bbox 1127 2081 1342 2144; x_wconf 86' lang='lat' dir='ltr'><strong>verba</strong></span> <span class='ocrx_word' id='word_1_96' title='bbox 1362 2077 1651 2160; x_wconf 79' lang='lat' dir='ltr'><strong>direxit3</strong></span> <span class='ocrx_word' id='word_1_97' title='bbox 1688 2086 1708 2115; x_wconf 78' lang='lat'><em>⁶</em></span> <span class='ocrx_word' id='word_1_98' title='bbox 1735 2079 2194 2144; x_wconf 84' lang='lat' dir='ltr'><strong>Universitati</strong></span> <span class='ocrx_word' id='word_1_99' title='bbox 2219 2087 2471 2144; x_wconf 77' lang='lat' dir='ltr'><strong>vestroe</strong></span> <span class='ocrx_word' id='word_1_100' title='bbox 2503 2087 2745 2144; x_wconf 88' lang='lat' dir='ltr'><strong>aucto-</strong></span> 
     </span>
     <span class='ocr_line' id='line_1_16' title="bbox 846 2177 2746 2263; baseline 0.001 -22"><span class='ocrx_word' id='word_1_101' title='bbox 846 2178 1055 2244; x_wconf 86' lang='lat' dir='ltr'><strong>ritate</strong></span> <span class='ocrx_word' id='word_1_102' title='bbox 1087 2180 1474 2262; x_wconf 85' lang='lat' dir='ltr'><strong>apostolica</strong></span> <span class='ocrx_word' id='word_1_103' title='bbox 1504 2180 1783 2263; x_wconf 90' lang='lat' dir='ltr'><strong>penitus</strong></span> <span class='ocrx_word' id='word_1_104' title='bbox 1814 2177 2226 2259; x_wconf 86' lang='lat' dir='ltr'><strong>inhibemus,</strong></span> <span class='ocrx_word' id='word_1_105' title='bbox 2257 2199 2343 2244; x_wconf 88' lang='lat' dir='ltr'><strong>ne</strong></span> <span class='ocrx_word' id='word_1_106' title='bbox 2377 2178 2746 2262; x_wconf 86' lang='lat' dir='ltr'><strong>quisquam</strong></span> 
     </span>
     <span class='ocr_line' id='line_1_17' title="bbox 847 2279 2745 2363; baseline 0.001 -21"><span class='ocrx_word' id='word_1_107' title='bbox 847 2286 1154 2343; x_wconf 85' lang='lat' dir='ltr'><strong>vestrum</strong></span> <span class='ocrx_word' id='word_1_108' title='bbox 1183 2299 1367 2344; x_wconf 84' lang='lat' dir='ltr'><strong>novo</strong></span> <span class='ocrx_word' id='word_1_109' title='bbox 1389 2280 1537 2363; x_wconf 79' lang='lat' dir='ltr'><strong>reg-i</strong></span> <span class='ocrx_word' id='word_1_110' title='bbox 1560 2279 1981 2357; x_wconf 90' lang='lat' dir='ltr'><strong>coronando,</strong></span> <span class='ocrx_word' id='word_1_111' title='bbox 2006 2279 2068 2343; x_wconf 90' lang='lat' dir='ltr'><strong>si</strong></span> <span class='ocrx_word' id='word_1_112' title='bbox 2092 2279 2271 2344; x_wconf 87' lang='lat' dir='ltr'><strong>forte</strong></span> <span class='ocrx_word' id='word_1_113' title='bbox 2298 2299 2503 2344; x_wconf 89' lang='lat' dir='ltr'><strong>casus</strong></span> <span class='ocrx_word' id='word_1_114' title='bbox 2530 2299 2745 2344; x_wconf 88' lang='lat' dir='ltr'><strong>emer-</strong></span> 
     </span>
     <span class='ocr_line' id='line_1_18' title="bbox 846 2378 2744 2463; baseline 0.002 -22"><span class='ocrx_word' id='word_1_115' title='bbox 846 2378 1039 2456; x_wconf 89' lang='lat' dir='ltr'><strong>serit,</strong></span> <span class='ocrx_word' id='word_1_116' title='bbox 1072 2379 1336 2462; x_wconf 89' lang='lat' dir='ltr'><strong>absque</strong></span> <span class='ocrx_word' id='word_1_117' title='bbox 1366 2399 1656 2445; x_wconf 89' lang='lat' dir='ltr'><strong>assensu</strong></span> <span class='ocrx_word' id='word_1_118' title='bbox 1686 2378 2209 2444; x_wconf 85' lang='lat' dir='ltr'><strong>Cantuariensis</strong></span> <span class='ocrx_word' id='word_1_119' title='bbox 2245 2379 2744 2463; x_wconf 89' lang='lat' dir='ltr'><strong>archiepiscopi</strong></span> 
     </span>
     <span class='ocr_line' id='line_1_19' title="bbox 843 2478 2743 2560; baseline 0.002 -17"><span class='ocrx_word' id='word_1_120' title='bbox 843 2485 916 2544; x_wconf 88' lang='lat' dir='ltr'><strong>et</strong></span> <span class='ocrx_word' id='word_1_121' title='bbox 947 2478 1256 2545; x_wconf 77' lang='lat' dir='ltr'><strong>ecclesiae</strong></span> <span class='ocrx_word' id='word_1_122' title='bbox 1290 2479 1819 2548; x_wconf 85' lang='lat' dir='ltr'><strong>Cantuariensis</strong></span> <span class='ocrx_word' id='word_1_123' title='bbox 1852 2478 2311 2560; x_wconf 86' lang='lat' dir='ltr'><strong>conniventia,</strong></span> <span class='ocrx_word' id='word_1_124' title='bbox 2342 2488 2589 2546; x_wconf 89' lang='lat' dir='ltr'><strong>contra</strong></span> <span class='ocrx_word' id='word_1_125' title='bbox 2618 2500 2743 2546; x_wconf 85' lang='lat' dir='ltr'><strong>an-</strong></span> 
     </span>
     <span class='ocr_line' id='line_1_20' title="bbox 842 2580 2742 2664; baseline 0.002 -21"><span class='ocrx_word' id='word_1_126' title='bbox 842 2580 1111 2663; x_wconf 88' lang='lat' dir='ltr'><strong>tiquam</strong></span> <span class='ocrx_word' id='word_1_127' title='bbox 1163 2580 1314 2664; x_wconf 84' lang='lat' dir='ltr'><strong>ejus</strong></span> <span class='ocrx_word' id='word_1_128' title='bbox 1364 2580 1931 2647; x_wconf 86' lang='lat' dir='ltr'><strong>consuetudinem</strong></span> <span class='ocrx_word' id='word_1_129' title='bbox 1976 2586 2049 2645; x_wconf 89' lang='lat' dir='ltr'><strong>et</strong></span> <span class='ocrx_word' id='word_1_130' title='bbox 2099 2580 2535 2663; x_wconf 77' lang='lat' dir='ltr'><strong>dignitatem,</strong></span> <span class='ocrx_word' id='word_1_131' title='bbox 2588 2602 2742 2647; x_wconf 88' lang='lat' dir='ltr'><strong>ma-</strong></span> 
     </span>
     <span class='ocr_line' id='line_1_21' title="bbox 840 2680 2741 2765; baseline 0.002 -21"><span class='ocrx_word' id='word_1_132' title='bbox 840 2700 1005 2744; x_wconf 89' lang='lat' dir='ltr'><strong>num</strong></span> <span class='ocrx_word' id='word_1_133' title='bbox 1043 2700 1392 2763; x_wconf 87' lang='lat' dir='ltr'><strong>apponere</strong></span> <span class='ocrx_word' id='word_1_134' title='bbox 1433 2682 1744 2765; x_wconf 88' lang='lat' dir='ltr'><strong>qualibet</strong></span> <span class='ocrx_word' id='word_1_135' title='bbox 1790 2680 2155 2746; x_wconf 88' lang='lat' dir='ltr'><strong>occasione</strong></span> <span class='ocrx_word' id='word_1_136' title='bbox 2194 2690 2573 2762; x_wconf 82' lang='lat' dir='ltr'><strong>praesumat</strong></span> <span class='ocrx_word' id='word_1_137' title='bbox 2615 2691 2741 2747; x_wconf 88' lang='lat' dir='ltr'><strong>aut</strong></span> 
     </span>
     <span class='ocr_line' id='line_1_22' title="bbox 838 2777 2740 2865; baseline 0.002 -22"><span class='ocrx_word' id='word_1_138' title='bbox 838 2780 908 2843; x_wconf 89' lang='lat' dir='ltr'><strong>id</strong></span> <span class='ocrx_word' id='word_1_139' title='bbox 945 2780 1386 2863; x_wconf 86' lang='lat' dir='ltr'><strong>aliquatenus</strong></span> <span class='ocrx_word' id='word_1_140' title='bbox 1432 2788 1777 2847; x_wconf 87' lang='lat' dir='ltr'><strong>attentare</strong></span> <span class='ocrx_word' id='word_1_141' title='bbox 1798 2777 1837 2860; x_wconf 87' lang='lat'><strong>;&#39;</strong></span> <span class='ocrx_word' id='word_1_142' title='bbox 1882 2780 2003 2843; x_wconf 88' lang='lat' dir='ltr'><strong>sed</strong></span> <span class='ocrx_word' id='word_1_143' title='bbox 2042 2778 2192 2844; x_wconf 86' lang='lat' dir='ltr'><strong>haec</strong></span> <span class='ocrx_word' id='word_1_144' title='bbox 2222 2780 2506 2859; x_wconf 85' lang='lat' dir='ltr'><strong>frustra,</strong></span> <span class='ocrx_word' id='word_1_145' title='bbox 2548 2782 2740 2865; x_wconf 89' lang='lat' dir='ltr'><strong>quia,</strong></span> 
     </span>
     <span class='ocr_line' id='line_1_23' title="bbox 840 2880 2735 2963; baseline 0.002 -21"><span class='ocrx_word' id='word_1_146' title='bbox 840 2885 1214 2962; x_wconf 89' lang='lat' dir='ltr'><strong>antequam</strong></span> <span class='ocrx_word' id='word_1_147' title='bbox 1269 2881 1490 2945; x_wconf 85' lang='lat' dir='ltr'><strong>literae</strong></span> <span class='ocrx_word' id='word_1_148' title='bbox 1544 2887 1780 2946; x_wconf 85' lang='lat' dir='ltr'><strong>essent</strong></span> <span class='ocrx_word' id='word_1_149' title='bbox 1836 2880 2317 2962; x_wconf 64' lang='lat' dir='ltr'><strong>promulgatae,</strong></span> <span class='ocrx_word' id='word_1_150' title='bbox 2376 2883 2735 2963; x_wconf 87' lang='lat' dir='ltr'><strong>negotium</strong></span> 
     </span>
    </p>

    <p class='ocr_par' dir='ltr' id='par_1_6' title="bbox 758 2976 2738 3566">
     <span class='ocr_line' id='line_1_24' title="bbox 758 2976 2738 3063; baseline 0.003 -22"><span class='ocrx_word' id='word_1_151' title='bbox 758 3032 768 3041; x_wconf 95' lang='lat'><em>.</em></span> <span class='ocrx_word' id='word_1_152' title='bbox 835 2976 1064 3042; x_wconf 84' lang='lat' dir='ltr'><strong>fuerat</strong></span> <span class='ocrx_word' id='word_1_153' title='bbox 1108 2988 1685 3045; x_wconf 87' lang='lat' dir='ltr'><strong>consummatum.</strong></span> <span class='ocrx_word' id='word_1_154' title='bbox 1764 2979 1858 3044; x_wconf 90' lang='lat' dir='ltr'><strong>Et</strong></span> <span class='ocrx_word' id='word_1_155' title='bbox 1895 2998 2023 3044; x_wconf 85' lang='lat' dir='ltr'><strong>rex</strong></span> <span class='ocrx_word' id='word_1_156' title='bbox 2066 2980 2305 3043; x_wconf 88' lang='lat' dir='ltr'><strong>statim</strong></span> <span class='ocrx_word' id='word_1_157' title='bbox 2336 2989 2497 3063; x_wconf 89' lang='lat' dir='ltr'><strong>post</strong></span> <span class='ocrx_word' id='word_1_158' title='bbox 2538 3001 2738 3046; x_wconf 87' lang='lat' dir='ltr'><strong>coro·</strong></span> 
     </span>
     <span class='ocr_line' id='line_1_25' title="bbox 837 3078 2735 3146; baseline 0.004 -7"><span class='ocrx_word' id='word_1_159' title='bbox 837 3078 1186 3143; x_wconf 86' lang='lat' dir='ltr'><strong>nationem</strong></span> <span class='ocrx_word' id='word_1_160' title='bbox 1217 3079 1342 3143; x_wconf 91' lang='lat' dir='ltr'><strong>filii</strong></span> <span class='ocrx_word' id='word_1_161' title='bbox 1373 3080 1483 3143; x_wconf 91' lang='lat' dir='ltr'><strong>sui</strong></span> <span class='ocrx_word' id='word_1_162' title='bbox 1515 3100 1706 3144; x_wconf 87' lang='lat' dir='ltr'><strong>mare</strong></span> <span class='ocrx_word' id='word_1_163' title='bbox 1737 3080 2078 3143; x_wconf 83' lang='lat' dir='ltr'><strong>transiens</strong></span> <span class='ocrx_word' id='word_1_164' title='bbox 2110 3082 2437 3145; x_wconf 86' lang='lat' dir='ltr'><strong>convenit</strong></span> <span class='ocrx_word' id='word_1_165' title='bbox 2469 3082 2555 3145; x_wconf 91' lang='lat' dir='ltr'><strong>ad</strong></span> <span class='ocrx_word' id='word_1_166' title='bbox 2590 3081 2735 3146; x_wconf 91' lang='lat' dir='ltr'><strong>col-</strong></span> 
     </span>
     <span class='ocr_line' id='line_1_26' title="bbox 833 3172 2738 3264; baseline 0.003 -24"><span class='ocrx_word' id='word_1_167' title='bbox 833 3176 1142 3260; x_wconf 89' lang='lat' dir='ltr'><strong>loquium</strong></span> <span class='ocrx_word' id='word_1_168' title='bbox 1170 3179 1670 3262; x_wconf 85' lang='lat' dir='ltr'><strong>archiepiscopi</strong></span> <span class='ocrx_word' id='word_1_169' title='bbox 1690 3178 2215 3244; x_wconf 79' lang='lat' dir='ltr'><strong>cantuariensis</strong></span> <span class='ocrx_word' id='word_1_170' title='bbox 2239 3172 2462 3264; x_wconf 78' lang='lat' dir='ltr'><strong>³apud</strong></span> <span class='ocrx_word' id='word_1_171' title='bbox 2492 3181 2569 3245; x_wconf 88' lang='lat' dir='ltr'>M</span> <span class='ocrx_word' id='word_1_172' title='bbox 2576 3190 2738 3247; x_wconf 87' lang='lat' dir='ltr'><strong>unt-</strong></span> 
     </span>
     <span class='ocr_line' id='line_1_27' title="bbox 835 3276 2731 3364; baseline 0.004 -25"><span class='ocrx_word' id='word_1_173' title='bbox 835 3276 1087 3355; x_wconf 90' lang='lat' dir='ltr'><strong>mirail,</strong></span> <span class='ocrx_word' id='word_1_174' title='bbox 1110 3278 1226 3343; x_wconf 92' lang='lat' dir='ltr'><strong>ubi</strong></span> <span class='ocrx_word' id='word_1_175' title='bbox 1262 3299 1569 3361; x_wconf 87' lang='lat' dir='ltr'><strong>praesens</strong></span> <span class='ocrx_word' id='word_1_176' title='bbox 1605 3287 1757 3345; x_wconf 90' lang='lat' dir='ltr'><strong>erat</strong></span> <span class='ocrx_word' id='word_1_177' title='bbox 1792 3298 1915 3343; x_wconf 82' lang='lat' dir='ltr'><strong>rex</strong></span> <span class='ocrx_word' id='word_1_178' title='bbox 1956 3278 2383 3345; x_wconf 86' lang='lat' dir='ltr'><strong>Francorum</strong></span> <span class='ocrx_word' id='word_1_179' title='bbox 2410 3301 2427 3361; x_wconf 92' lang='lat'><strong>;</strong></span> <span class='ocrx_word' id='word_1_180' title='bbox 2467 3288 2541 3345; x_wconf 89' lang='lat' dir='ltr'><strong>et</strong></span> <span class='ocrx_word' id='word_1_181' title='bbox 2567 3289 2731 3364; x_wconf 91' lang='lat' dir='ltr'><strong>post</strong></span> 
     </span>
     <span class='ocr_line' id='line_1_28' title="bbox 832 3376 2731 3465; baseline 0.003 -25"><span class='ocrx_word' id='word_1_182' title='bbox 832 3376 1173 3442; x_wconf 89' lang='lat' dir='ltr'><strong>diutinum</strong></span> <span class='ocrx_word' id='word_1_183' title='bbox 1213 3378 1297 3443; x_wconf 89' lang='lat' dir='ltr'><strong>de</strong></span> <span class='ocrx_word' id='word_1_184' title='bbox 1341 3399 1512 3463; x_wconf 87' lang='lat' dir='ltr'><strong>pace</strong></span> <span class='ocrx_word' id='word_1_185' title='bbox 1552 3386 1931 3444; x_wconf 90' lang='lat' dir='ltr'><strong>tractatum</strong></span> <span class='ocrx_word' id='word_1_186' title='bbox 1974 3378 2157 3444; x_wconf 89' lang='lat' dir='ltr'><strong>inter</strong></span> <span class='ocrx_word' id='word_1_187' title='bbox 2197 3400 2341 3458; x_wconf 88' lang='lat' dir='ltr'><strong>eos,</strong></span> <span class='ocrx_word' id='word_1_188' title='bbox 2377 3400 2536 3445; x_wconf 91' lang='lat' dir='ltr'><strong>cum</strong></span> <span class='ocrx_word' id='word_1_189' title='bbox 2571 3402 2731 3465; x_wconf 86' lang='lat' dir='ltr'><strong>per-</strong></span> 
     </span>
     <span class='ocr_line' id='line_1_29' title="bbox 829 3473 2732 3566; baseline 0.004 -26"><span class='ocrx_word' id='word_1_190' title='bbox 829 3485 1117 3541; x_wconf 87' lang='lat' dir='ltr'><strong>ventum</strong></span> <span class='ocrx_word' id='word_1_191' title='bbox 1159 3478 1406 3544; x_wconf 89' lang='lat' dir='ltr'><strong>fuisset</strong></span> <span class='ocrx_word' id='word_1_192' title='bbox 1451 3479 1539 3544; x_wconf 92' lang='lat' dir='ltr'><strong>ad</strong></span> <span class='ocrx_word' id='word_1_193' title='bbox 1585 3481 1922 3556; x_wconf 87' lang='lat' dir='ltr'><strong>osculum,</strong></span> <span class='ocrx_word' id='word_1_194' title='bbox 1965 3480 2132 3561; x_wconf 89' lang='lat' dir='ltr'><strong>quia</strong></span> <span class='ocrx_word' id='word_1_195' title='bbox 2170 3473 2732 3566; x_wconf 81' lang='lat' dir='ltr'><strong>archiepiscopus</strong></span> 
     </span>
    </p>
   </div>
   <div class='ocr_carea' id='block_1_5' title="bbox 815 3674 2729 4305">
    <p class='ocr_par' dir='ltr' id='par_1_7' title="bbox 815 3674 2729 4305">
     <span class='ocr_line' id='line_1_30' title="bbox 900 3674 2727 3749; baseline 0.007 -22"><span class='ocrx_word' id='word_1_196' title='bbox 900 3674 916 3705; x_wconf 84' lang='lat'><strong>¹</strong></span> <span class='ocrx_word' id='word_1_197' title='bbox 944 3679 1327 3730; x_wconf 71' lang='lat' dir='ltr'><strong>Cor-ouationem.</strong></span> <span class='ocrx_word' id='word_1_198' title='bbox 1359 3675 1383 3749; x_wconf 94' lang='lat'>]</span> <span class='ocrx_word' id='word_1_199' title='bbox 1430 3681 1649 3745; x_wconf 83' lang='lat' dir='ltr'><strong>Tyrrell,</strong></span> <span class='ocrx_word' id='word_1_200' title='bbox 1692 3697 1748 3733; x_wconf 91' lang='lat' dir='ltr'><strong>a·</strong></span> <span class='ocrx_word' id='word_1_201' title='bbox 1796 3681 1969 3731; x_wconf 69' lang='lat' dir='ltr'><strong>letters</strong></span> <span class='ocrx_word' id='word_1_202' title='bbox 2006 3681 2065 3731; x_wconf 83' lang='lat' dir='ltr'><strong>of</strong></span> <span class='ocrx_word' id='word_1_203' title='bbox 2100 3681 2188 3733; x_wconf 83' lang='lat' dir='ltr'><strong>the</strong></span> <span class='ocrx_word' id='word_1_204' title='bbox 2221 3697 2373 3746; x_wconf 85' lang='lat' dir='ltr'><strong>pope,</strong></span> <span class='ocrx_word' id='word_1_205' title='bbox 2406 3684 2497 3735; x_wconf 90' lang='lat' dir='ltr'><strong>lib.</strong></span> <span class='ocrx_word' id='word_1_206' title='bbox 2538 3686 2609 3738; x_wconf 80' lang='lat' dir='ltr'><strong>iv,</strong></span> <span class='ocrx_word' id='word_1_207' title='bbox 2642 3702 2727 3749; x_wconf 84' lang='lat' dir='ltr'><strong>ep.</strong></span> 
     </span>
     <span class='ocr_line' id='line_1_31' title="bbox 825 3750 2409 3815; baseline 0.005 -19"><span class='ocrx_word' id='word_1_208' title='bbox 825 3755 1025 3811; x_wconf 82' lang='lat' dir='ltr'><strong>mongst</strong></span> <span class='ocrx_word' id='word_1_209' title='bbox 1053 3750 1199 3799; x_wconf 87' lang='lat' dir='ltr'><strong>other</strong></span> <span class='ocrx_word' id='word_1_210' title='bbox 1233 3766 1457 3814; x_wconf 71' lang='lat' dir='ltr'><strong>masons,</strong></span> <span class='ocrx_word' id='word_1_211' title='bbox 1489 3752 1584 3803; x_wconf 84' lang='lat' dir='ltr'><strong>has</strong></span> <span class='ocrx_word' id='word_1_212' title='bbox 1626 3767 1747 3815; x_wconf 85' lang='lat' dir='ltr'><strong>sup·</strong></span> <span class='ocrx_word' id='word_1_213' title='bbox 1796 3752 1930 3813; x_wconf 79' lang='lat' dir='ltr'><strong>xlii.;</strong></span> <span class='ocrx_word' id='word_1_214' title='bbox 1950 3751 2042 3802; x_wconf 87' lang='lat' dir='ltr'><strong>lib.</strong></span> <span class='ocrx_word' id='word_1_215' title='bbox 2057 3768 2108 3802; x_wconf 82' lang='lat' dir='ltr'><strong>v.</strong></span> <span class='ocrx_word' id='word_1_216' title='bbox 2131 3767 2215 3815; x_wconf 85' lang='lat' dir='ltr'><strong>ep.</strong></span> <span class='ocrx_word' id='word_1_217' title='bbox 2232 3754 2409 3805; x_wconf 78' lang='lat' dir='ltr'><strong>xxxiv,</strong></span> 
     </span>
     <span class='ocr_line' id='line_1_32' title="bbox 823 3818 2729 3892; baseline 0.005 -25"><span class='ocrx_word' id='word_1_218' title='bbox 823 3819 982 3878; x_wconf 85' lang='lat' dir='ltr'><strong>posed</strong></span> <span class='ocrx_word' id='word_1_219' title='bbox 1002 3820 1113 3869; x_wconf 79' lang='lat' dir='ltr'><strong>that</strong></span> <span class='ocrx_word' id='word_1_220' title='bbox 1133 3820 1313 3883; x_wconf 80' lang='lat' dir='ltr'><strong>Hem-y</strong></span> <span class='ocrx_word' id='word_1_221' title='bbox 1332 3836 1442 3871; x_wconf 82' lang='lat' dir='ltr'><strong>was</strong></span> <span class='ocrx_word' id='word_1_222' title='bbox 1463 3822 1746 3873; x_wconf 82' lang='lat' dir='ltr'><strong>influenced</strong></span> <span class='ocrx_word' id='word_1_223' title='bbox 1864 3819 2049 3885; x_wconf 65' lang='grc' dir='ltr'><strong>Ἀρνεί</strong></span> <span class='ocrx_word' id='word_1_224' title='bbox 2078 3818 2453 3892; x_wconf 52' lang='lat' dir='ltr'><strong>Mauortia-aih]</strong></span> <span class='ocrx_word' id='word_1_225' title='bbox 2495 3825 2605 3875; x_wconf 86' lang='lat' dir='ltr'><strong>The</strong></span> <span class='ocrx_word' id='word_1_226' title='bbox 2648 3826 2729 3876; x_wconf 88' lang='lat' dir='ltr'><strong>in-</strong></span> 
     </span>
     <span class='ocr_line' id='line_1_33' title="bbox 821 3889 2729 3951; baseline 0.006 -15"><span class='ocrx_word' id='word_1_227' title='bbox 821 3889 876 3936; x_wconf 86' lang='lat' dir='ltr'><strong>in</strong></span> <span class='ocrx_word' id='word_1_228' title='bbox 909 3891 1110 3951; x_wconf 76' lang='lat' dir='ltr'><strong>coming</strong></span> <span class='ocrx_word' id='word_1_229' title='bbox 1140 3896 1194 3940; x_wconf 81' lang='lat' dir='ltr'><strong>to</strong></span> <span class='ocrx_word' id='word_1_230' title='bbox 1223 3891 1328 3941; x_wconf 77' lang='lat' dir='ltr'><strong>this</strong></span> <span class='ocrx_word' id='word_1_231' title='bbox 1362 3892 1745 3943; x_wconf 83' lang='lat' dir='ltr'><strong>determination</strong></span> <span class='ocrx_word' id='word_1_232' title='bbox 1794 3893 2005 3941; x_wconf 80' lang='lat' dir='ltr'><strong>terview</strong></span> <span class='ocrx_word' id='word_1_233' title='bbox 2036 3896 2091 3941; x_wconf 79' lang='lat' dir='ltr'><strong>at</strong></span> <span class='ocrx_word' id='word_1_234' title='bbox 2120 3892 2411 3943; x_wconf 80' lang='lat' dir='ltr'><strong>Monmirail</strong></span> <span class='ocrx_word' id='word_1_235' title='bbox 2436 3894 2540 3945; x_wconf 80' lang='lat' dir='ltr'><strong>had</strong></span> <span class='ocrx_word' id='word_1_236' title='bbox 2568 3897 2729 3947; x_wconf 71' lang='lat' dir='ltr'><strong>taken</strong></span> 
     </span>
     <span class='ocr_line' id='line_1_34' title="bbox 821 3957 2727 4023; baseline 0.006 -18"><span class='ocrx_word' id='word_1_237' title='bbox 821 3957 892 4018; x_wconf 81' lang='lat' dir='ltr'><strong>by</strong></span> <span class='ocrx_word' id='word_1_238' title='bbox 930 3958 1014 4007; x_wconf 88' lang='lat' dir='ltr'><strong>the</strong></span> <span class='ocrx_word' id='word_1_239' title='bbox 1057 3961 1290 4023; x_wconf 83' lang='lat' dir='ltr'><strong>example</strong></span> <span class='ocrx_word' id='word_1_240' title='bbox 1328 3962 1388 4010; x_wconf 81' lang='lat' dir='ltr'><strong>of</strong></span> <span class='ocrx_word' id='word_1_241' title='bbox 1418 3962 1504 4012; x_wconf 85' lang='lat' dir='ltr'><strong>the</strong></span> <span class='ocrx_word' id='word_1_242' title='bbox 1546 3962 1744 4013; x_wconf 84' lang='lat' dir='ltr'><strong>French</strong></span> <span class='ocrx_word' id='word_1_243' title='bbox 1795 3962 1941 4023; x_wconf 84' lang='lat' dir='ltr'><strong>place</strong></span> <span class='ocrx_word' id='word_1_244' title='bbox 1960 3962 2129 4012; x_wconf 84' lang='lat' dir='ltr'><strong>before</strong></span> <span class='ocrx_word' id='word_1_245' title='bbox 2151 3962 2239 4013; x_wconf 85' lang='lat' dir='ltr'><strong>the</strong></span> <span class='ocrx_word' id='word_1_246' title='bbox 2258 3966 2546 4015; x_wconf 81' lang='lat' dir='ltr'><strong>coronation</strong></span> <span class='ocrx_word' id='word_1_247' title='bbox 2565 3967 2625 4016; x_wconf 85' lang='lat' dir='ltr'><strong>of</strong></span> <span class='ocrx_word' id='word_1_248' title='bbox 2638 3967 2727 4017; x_wconf 83' lang='lat' dir='ltr'><strong>the</strong></span> 
     </span>
     <span class='ocr_line' id='line_1_35' title="bbox 817 4023 2725 4099; baseline 0.007 -25"><span class='ocrx_word' id='word_1_249' title='bbox 817 4023 992 4089; x_wconf 79' lang='lat' dir='ltr'><strong>kings,</strong></span> <span class='ocrx_word' id='word_1_250' title='bbox 1009 4028 1198 4079; x_wconf 84' lang='lat' dir='ltr'><strong>Robert</strong></span> <span class='ocrx_word' id='word_1_251' title='bbox 1215 4031 1317 4081; x_wconf 87' lang='lat' dir='ltr'><strong>and</strong></span> <span class='ocrx_word' id='word_1_252' title='bbox 1334 4032 1492 4082; x_wconf 89' lang='lat' dir='ltr'><strong>Louis</strong></span> <span class='ocrx_word' id='word_1_253' title='bbox 1512 4032 1562 4083; x_wconf 90' lang='lat' dir='ltr'><strong>le</strong></span> <span class='ocrx_word' id='word_1_254' title='bbox 1580 4032 1743 4095; x_wconf 84' lang='lat' dir='ltr'><strong>Gros;</strong></span> <span class='ocrx_word' id='word_1_255' title='bbox 1794 4032 1985 4095; x_wconf 87' lang='lat' dir='ltr'><strong>prince,</strong></span> <span class='ocrx_word' id='word_1_256' title='bbox 2002 4033 2274 4095; x_wconf 83' lang='lat' dir='ltr'><strong>according</strong></span> <span class='ocrx_word' id='word_1_257' title='bbox 2290 4038 2341 4081; x_wconf 88' lang='lat' dir='ltr'><strong>to</strong></span> <span class='ocrx_word' id='word_1_258' title='bbox 2357 4034 2607 4099; x_wconf 79' lang='lat' dir='ltr'><strong>Gervase,</strong></span> <span class='ocrx_word' id='word_1_259' title='bbox 2624 4038 2725 4088; x_wconf 85' lang='lat' dir='ltr'><strong>col.</strong></span> 
     </span>
     <span class='ocr_line' id='line_1_36' title="bbox 815 4095 2725 4170; baseline 0.007 -27"><span class='ocrx_word' id='word_1_260' title='bbox 815 4095 872 4146; x_wconf 88' lang='lat' dir='ltr'><strong>ii.</strong></span> <span class='ocrx_word' id='word_1_261' title='bbox 894 4110 948 4158; x_wconf 86' lang='lat' dir='ltr'><strong>p.</strong></span> <span class='ocrx_word' id='word_1_262' title='bbox 971 4101 1088 4149; x_wconf 71' lang='grc'><strong>356.</strong></span> <span class='ocrx_word' id='word_1_263' title='bbox 1796 4105 1942 4152; x_wconf 82' lang='grc'><strong>1407.</strong></span> <span class='ocrx_word' id='word_1_264' title='bbox 2016 4102 2085 4151; x_wconf 89' lang='lat' dir='ltr'><strong>So</strong></span> <span class='ocrx_word' id='word_1_265' title='bbox 2116 4103 2227 4153; x_wconf 81' lang='lat' dir='ltr'><strong>also</strong></span> <span class='ocrx_word' id='word_1_266' title='bbox 2259 4102 2643 4170; x_wconf 72' lang='lat' dir='ltr'><strong>Fitz-stephen,</strong></span> <span class='ocrx_word' id='word_1_267' title='bbox 2670 4124 2725 4170; x_wconf 85' lang='lat' dir='ltr'><strong>p.</strong></span> 
     </span>
     <span class='ocr_line' id='line_1_37' title="bbox 1792 4172 2726 4242; baseline 0.011 -22"><span class='ocrx_word' id='word_1_268' title='bbox 1792 4176 1875 4221; x_wconf 82' lang='grc'><strong>58.</strong></span> <span class='ocrx_word' id='word_1_269' title='bbox 1924 4172 2034 4223; x_wconf 82' lang='lat' dir='ltr'><strong>The</strong></span> <span class='ocrx_word' id='word_1_270' title='bbox 2058 4177 2168 4223; x_wconf 80' lang='lat' dir='ltr'><strong>text</strong></span> <span class='ocrx_word' id='word_1_271' title='bbox 2188 4174 2387 4225; x_wconf 81' lang='lat' dir='ltr'><strong>follows</strong></span> <span class='ocrx_word' id='word_1_272' title='bbox 2403 4176 2611 4242; x_wconf 70' lang='lat' dir='ltr'><strong>Diaeta,</strong></span> <span class='ocrx_word' id='word_1_273' title='bbox 2626 4180 2726 4229; x_wconf 86' lang='lat' dir='ltr'><strong>col.</strong></span> 
     </span>
     <span class='ocr_line' id='line_1_38' title="bbox 887 4228 1905 4305; baseline 0.01 -25"><span class='ocrx_word' id='word_1_274' title='bbox 887 4228 1356 4305; x_wconf 53' lang='lat' dir='ltr'><strong>&#39;Prohibitionemfl</strong></span> <span class='ocrx_word' id='word_1_275' title='bbox 1382 4236 1632 4301; x_wconf 82' lang='lat' dir='ltr'><strong>Compare</strong></span> <span class='ocrx_word' id='word_1_276' title='bbox 1656 4239 1741 4289; x_wconf 82' lang='lat' dir='ltr'><strong>the</strong></span> <span class='ocrx_word' id='word_1_277' title='bbox 1792 4245 1905 4291; x_wconf 76' lang='lat'><strong>552.</strong></span> 
     </span>
    </p>
   </div>
  </div>
 </body>
</html>
