3108 5059
854 485 987 552 206
1370 500 1638 550 uocum
1685 501 1779 548 nn
1825 500 2242 548 wmmovssn

910 738 1046 802 Rea·
1069 735 1419 802 Jerusalem
1445 733 1856 800 Baldewinm
1881 742 2098 800 contra
2135 735 2366 800 Tureos
2397 735 2713 802 dimicans

1442 835 1726 921 feliciter
1751 834 2186 921 triunwhavit.

536 976 785 1015 A.D.112⁵.
967 959 1171 1025 Circa
1202 961 1481 1025 eosdem
1510 961 1659 1028 dies
1696 955 2232 1045 ¹Borsequinus,
2262 961 2585 1044 princeps
2609 962 2768 1044 qui-

535 1026 689 1126 fflffi'
710 1026 754 1065 ’ῃ
866 1061 1031 1126 dam
1072 1060 1358 1125 orientis
1419 1061 1969 1145 potentissimus,
2031 1061 2360 1146 adjuncto
2420 1061 2550 1125 sibi
2611 1062 2765 1126 Da-

864 1180 1340 1226 mascenorum
1374 1181 1537 1245 rege
1571 1161 2038 1244 Doldequino,
2071 1162 2368 1226 transito
2403 1161 2768 1244 Euphrate

867 1260 1103 1338 fluvio,
1155 1268 1389 1344 partes
1432 1262 1862 1345 depopulans
1905 1259 2405 1339 Antiochenas,
2451 1260 2769 1345 Caphar-

866 1360 1005 1426 dan
1049 1368 1353 1426 castrum
1398 1361 1670 1426 obsedit
1731 1369 1804 1427 et
1851 1361 2061 1444 cepit,
2105 1361 2402 1444 indeque
2444 1381 2768 1444 progres-

866 1481 987 1524 sus
1045 1459 1330 1525 Harsad
1395 1462 1726 1544 oppidum
1792 1458 2148 1526 obsidione
2214 1461 2507 1526 vallavit
2537 1481 2554 1540 ;
2621 1482 2767 1546 quo

869 1560 1131 1639 audito,
1154 1581 1280 1625 rex
1309 1561 1779 1638 Baldewinus,
1808 1561 1927 1644 qui
1959 1565 2103 1624 tam
2132 1561 2329 1643 regni
2349 1560 2767 1646 Hierosoly-

868 1661 1112 1725 mitani
1156 1679 1363 1744 quam
1398 1658 1791 1726 Antiochiae
1832 1661 2260 1743 principatus
2295 1681 2529 1726 curam
2575 1682 2776 1744 gere-

869 1761 1018 1839 bat,
1072 1781 1229 1824 cum
1281 1761 1499 1844 copiis
1542 1761 1955 1826 militaribus
1999 1761 2164 1826 illuc
2211 1781 2369 1824 cum
2423 1762 2772 1828 festinati-

874 1881 1005 1924 one
1033 1860 1429 1941 descendit;
1475 1861 1905 1945 repertisque
1949 1861 2022 1924 in
2068 1860 2425 1926 obsidione
2468 1862 2769 1944 praefata

875 1959 1191 2025 hostibus
1250 1963 1676 2039 memoratis,
1723 1959 2077 2044 dispositis
2125 1961 2404 2026 aciebus
2459 1963 2532 2026 in
2578 1963 2773 2047 ipsos

874 2059 1077 2126 irruit
1106 2061 1573 2140 vehementer,
1609 2069 1681 2126 et
1723 2057 1961 2126 divina
2003 2069 2352 2126 annuente
2381 2061 2776 2142 clementia,

875 2161 1194 2225 omnibus
1238 2161 1311 2226 in
1342 2160 1582 2244 fugam
1615 2159 2014 2244 compulsis,
2058 2159 2349 2226 feliciter
2382 2163 2771 2246 triumpha-

876 2261 1027 2340 vit;
1093 2259 1486 2326 ceciderunt
1538 2261 1636 2325 ibi
1689 2278 1781 2325 ex
1836 2260 2152 2325 hostibus
2214 2261 2303 2325 ad
2358 2261 2498 2327 duo
2550 2264 2774 2328 millia

875 2360 1182 2426 virorum
1213 2367 1284 2424 et
1316 2360 1571 2444 sepulti
1614 2367 1778 2425 sunt
1825 2359 1899 2424 in
1928 2359 2216 2425 inferno.
2324 2360 2486 2426 Rex
2535 2371 2775 2429 autem

878 2460 963 2524 de
992 2460 1289 2543 pecunia
1315 2459 1459 2525 illic
1487 2460 1753 2525 viribus
1786 2462 2074 2525 obtenta
2103 2460 2318 2524 filiam
2348 2481 2544 2527 suam
2570 2465 2774 2547 quin·
2855 2536 2866 2545 ,

878 2580 1242 2645 quennem,
1275 2580 1485 2645 quam
1534 2581 1662 2644 pro
1717 2581 1848 2625 sua
1890 2561 2299 2627 liberatione
2348 2564 2542 2646 prius
2589 2567 2780 2631 obsi·

878 2661 1033 2726 dem
1076 2668 1430 2744 posuerat,
1465 2680 1509 2725 a
1542 2659 1930 2725 Turcorum
1973 2660 2270 2726 vinculis
2315 2662 2666 2744 liberavit,
2705 2675 2779 2732 et

876 2760 1039 2825 inde
1080 2781 1398 2825 reversus
1447 2762 1634 2826 circa
1675 2759 2093 2826 Ascalonem
2136 2763 2412 2844 praedas
2451 2764 2623 2847 egit,
2661 2768 2784 2831 ubi

878 2860 1148 2925 Turcos
1188 2881 1324 2925 non
1375 2879 1662 2944 paucos,
1706 2880 1881 2943 quos
1932 2862 2204 2926 obviam
2250 2862 2520 2942 habuit,
2562 2865 2783 2931 inter-

878 2959 1042 3024 fecit
1077 2967 1147 3025 et
1179 2959 1403 3025 victor
1438 2961 1525 3025 ad
1567 2960 1851 3045 propria
1881 2962 2238 3028 remeavit.

928 3131 1129 3208 Quod,
1158 3143 1396 3199 mov-two
1426 3134 1821 3221 &uapor-acore,
1853 3134 2228 3220 imperatrix
2261 3158 2505 3204 reversa
2533 3150 2621 3207 est
2651 3142 2747 3207 ad

1580 3244 1833 3319 patrem
1860 3254 2060 3299 suum.

558 3373 822 3464 &gnum
978 3355 1187 3423 Anno
1212 3356 1497 3423 Domini
1532 3377 1854 3425 mcxxvl.
1892 3358 2268 3439 Hem-iem,
2305 3360 2786 3434 Romanorum

556 3435 751 3564 {nomi}
822 3433 847 3464 ⁹
876 3457 1276 3541 imperator,
1295 3459 1477 3523 diem
1505 3460 1759 3525 clausit
1790 3468 2177 3526 extremum
2204 3481 2222 3542 ς
2268 3463 2379 3527 cui
2405 3468 2788 3534 succedens

606 3534 723 3573 ’Μ’
881 3556 1255 3623 Lotharius
1276 3552 1301 3591 ²
1330 3560 1531 3623 annis
1562 3560 1924 3626 duodecim
1958 3561 2346 3645 imperavit.
2423 3564 2624 3631 Tunc
2655 3570 2788 3634 im-

880 3658 1191 3741 peratrix
1237 3658 1556 3724 Matildis
1586 3660 1672 3725 ad
1718 3668 1987 3744 patrem
2019 3680 2221 3725 suum
2253 3683 2486 3745 regem
2520 3665 2784 3733 Henri-

881 3778 1039 3823 cum
1089 3779 1369 3824 reversa
1412 3759 1758 3826 habitavit
1809 3762 1881 3825 in
1924 3760 2229 3826 thalamo
2275 3763 2428 3848 ejus
2471 3785 2631 3831 cum
2677 3790 2786 3835 re-

882 3859 1097 3941 gina3
1153 3858 1489 3943 diligebat
1542 3860 1726 3925 enim
1772 3881 1926 3925 eam
1971 3882 2095 3925 rex
2141 3863 2369 3941 valde,
2417 3868 2585 3948 quia
2635 3870 2789 3934 uni-

884 3977 1037 4023 cam
1095 3959 1287 4023 iHam
1352 3959 1651 4025 habebat
1712 3958 2108 4042 haeredem3
2165 3971 2236 4028 et
2288 3964 2476 4029 circa
2529 3967 2786 4034 festum

955 4132 973 4165 ¹
1002 4136 1391 4203 Bon-sequium]
1425 4138 1571 4191 Will.
1591 4140 1712 4203 Tyr.
1752 4156 1807 4203 p.
1931 4136 1954 4171 ²
1973 4141 2259 4204 Lotharius,
2280 4141 2304 4204 ]
2337 4140 2424 4192 the
2461 4146 2652 4195 second
2676 4162 2693 4207 ς
2725 4146 2790 4197 he

882 4210 998 4258 842.
1860 4211 2026 4274 began
2046 4211 2128 4281 his
2147 4212 2292 4273 reign
2309 4211 2365 4261 in
2378 4216 2530 4280 1125,
2549 4217 2654 4266 and
2667 4216 2792 4267 died

1861 4282 1914 4331 in
1935 4282 2218 4333 December
2241 4285 2386 4337 113⁷.
