3108 5059
559 658 673 700 ΔΛ).
693 659 808 700 1100.

558 1154 786 1194 character
798 1153 848 1194 of

559 1203 748 1244 william

559 1254 716 1294 Ruma-

553 3775 806 3816 Coronatlon

555 3827 604 3866 of
615 3826 762 3877 Henry
781 3826 818 3867 1.

887 466 1018 532 160
1398 482 1668 532 uocum
1720 485 1813 532 nn
1862 484 2273 534 wunnovna

885 641 1026 708 duo
1081 663 1171 708 ex
1233 645 1590 710 monachis
1648 645 1800 729 ejus
1858 642 1947 708 ad
2002 645 2231 727 ipsum
2288 644 2670 721 venienteS,
2728 652 2801 710 et

883 742 1069 824 regis
1113 751 1405 808 mortem
1447 745 1877 822 nuntianteS,
1922 744 2180 808 hortati
2222 751 2389 808 sunt
2432 744 2797 822 attentius»,

883 846 964 912 ut
996 842 1184 909 illico
1217 843 1451 910 sedem
1479 863 1678 910 suam
1708 852 2021 928 repetere
2054 845 2483 926 dignaretur.

1415 1017 1514 1080 De
1547 1016 1721 1082 vitiis
1750 1016 1909 1101 reglis
1951 1014 2275 1080 Willelmi.

988 1141 1035 1206 J
1040 1159 1164 1206 ure
1194 1148 1426 1206 autem
1457 1161 1586 1206 rex
1620 1141 1694 1204 in
1727 1138 1952 1205 medio
1995 1141 2211 1204 totius
2250 1140 2616 1225 injustitiae
2644 1160 2799 1204 suae

886 1249 1270 1324 praereptus
1314 1241 1661 1318 occubuit,
1702 1240 1825 1323 qui
1866 1260 2083 1322 supra
2126 1240 2469 1304 hominem
2509 1249 2685 1318 erat,
2728 1248 2801 1305 et

885 1342 1175 1406 consilio
1226 1359 1733 1423 perversorum,
1784 1339 2111 1423 quicquid
2163 1329 2329 1403 mali
2377 1348 2675 1423 poterat,
2726 1341 2796 1404 id

883 1459 1155 1524 semper
1184 1442 1476 1522 agebat3
1526 1434 1632 1504 ¹et
1665 1440 1813 1504 suis
1842 1457 2165 1522 nequam,
2194 1440 2441 1504 alienis
2475 1439 2795 1523 nequior,

885 1541 1017 1605 sibi
1044 1541 1530 1623 nequissimuS,
1553 1539 1905 1622 subjectos
1933 1557 2171 1605 omnes
2193 1541 2539 1604 continuis
2572 1539 2797 1622 geldis

885 1648 957 1708 et
982 1640 1262 1721 talagiis
1294 1641 1621 1717 vexabat,
1644 1640 1909 1704 vicinos
1938 1640 2175 1704 werris
2212 1646 2283 1703 et
2308 1640 2791 1704 exactionibus

884 1738 1180 1806 assiduis
1219 1741 1665 1826 provocabat,
1693 1759 1819 1804 nec
1844 1737 2185 1821 respirare
2207 1746 2485 1822 poterat
2503 1737 2792 1822 Anglia‚

884 1841 1014 1905 sub
1070 1841 1224 1923 ipso
1281 1839 1765 1904 miserabiliter
1812 1838 2174 1903 suffocata.
2280 1839 2447 1921 Ipse
2492 1859 2793 1922 namque

883 1945 954 2004 et
999 1941 1119 2023 qui
1171 1938 1236 2006 ei
1279 1939 1796 2003 famulabantur
1853 1938 2081 2004 omnia
2127 1939 2515 2021 rapiebant,
2555 1940 2791 2003 omnia

883 2039 1334 2120 conterebant
1375 2046 1447 2103 et
1501 2039 2021 2115 subvertebant,
2066 2038 2409 2102 adulteria
2456 2039 2794 2104 violenter

882 2145 953 2202 et
1003 2139 1284 2220 impune
1339 2138 1885 2215 committebant,
1916 2138 2240 2220 quicquid
2271 2137 2536 2202 fraudis
2568 2146 2641 2203 et
2672 2158 2791 2202 ne-

883 2236 1121 2321 quitiae
1151 2245 1360 2302 antea
1387 2258 1526 2302 non
1560 2244 1711 2301 erat
1744 2237 1851 2301 his
1894 2238 2317 2320 temporibus
2366 2237 2779 2321 pullulavit3

882 2337 1152 2402 invisus
1190 2357 1512 2419 namque
1534 2357 1662 2400 rex
1702 2337 2163 2419 nequissimus
2206 2337 2358 2402 Deo
2401 2345 2471 2402 et
2509 2338 2793 2421 populo,

883 2435 994 2502 die
1039 2456 1179 2520 qua
1226 2437 1418 2514 obiit,
1461 2437 1535 2500 in
1579 2436 1861 2519 proprio
1908 2438 2191 2500 tenebat
2241 2436 2793 2521 archiepiscopa-

885 2544 1034 2602 tum
1095 2536 1689 2615 Cantuariensem,
1739 2538 2181 2621 episcopatus
2230 2538 2789 2603 Wintoniensem

881 2645 954 2702 et
1001 2637 1598 2715 Saresbiriensem,
1640 2657 1797 2700 cum
1841 2637 2201 2701 duodecim
2247 2639 2569 2716 abbatiis,
2616 2658 2791 2722 quas

881 2745 1007 2802 aut
1035 2738 1401 2815 vendebat,
1432 2744 1557 2802 aut
1600 2737 1688 2801 ad
1736 2736 2001 2800 firmam
2043 2738 2277 2815 dabat,
2311 2745 2435 2802 aut
2473 2739 2545 2803 in
2576 2758 2787 2803 manu

879 2855 1012 2907 sua
1067 2840 1394 2916 tenebat;
1457 2857 1585 2901 nec
1624 2838 1925 2901 luxuriae
1973 2838 2201 2901 scelus
2253 2839 2627 2903 exercebat
2671 2859 2789 2904 oc-

881 2935 1092 3012 culte,
1153 2938 1275 3001 sed
1340 2956 1430 3000 ex
1491 2937 1921 3019 impudentia
1994 2956 2225 3001 coram
2300 2938 2473 3005 sole.
2599 2937 2788 3017 Quid

881 3035 1136 3118 plura‘l
1282 3035 1633 3118 Quicquid
1694 3036 1849 3101 Deo
1919 3036 2279 3119 Deumque
2339 3037 2787 3118 diligentibus

880 3134 1223 3217 placebat,
1285 3135 1416 3201 hoc
1476 3138 1625 3217 regi
1698 3156 2069 3219 regemque
2135 3136 2586 3218 diligentibus
2645 3138 2789 3202 dis-

880 3235 1205 3317 plicebat.
1308 3236 1638 3319 Sepultus
1672 3244 1777 3300 est
1827 3243 2060 3300 autem
2105 3236 2177 3299 in
2216 3236 2519 3300 crastino
2559 3238 2789 3319 perdi-

879 3336 1089 3400 tionis
1128 3356 1275 3399 suae
1321 3336 1504 3418 apud
1546 3336 2001 3413 Wintoniam,
2034 3329 2143 3399 ²in
2184 3336 2383 3419 cujus
2427 3337 2789 3419 sepultura

878 3433 1250 3518 lachrymae
1283 3435 1512 3499 locum
1540 3455 1687 3517 prae
1720 3436 1977 3517 gaudio
2009 3455 2151 3500 non
2183 3435 2553 3514 habebant.

919 3624 1018 3689 De
1045 3624 1424 3689 coronatione
1453 3626 1611 3711 reyis
1644 3625 1915 3689 Henrici
1932 3626 2143 3711 primi
2178 3626 2336 3711 reyis
2361 3624 2729 3710 Anqlorum.

981 3748 1332 3813 Defuncto
1365 3748 1603 3831 itaque
1632 3768 1795 3830 rege
1824 3747 2201 3825 Willelmo,
2234 3767 2390 3811 cum
2422 3756 2789 3830 magnates

883 3846 1158 3930 Angliae
1189 3849 1614 3931 ignorarent,
1653 3848 1817 3930 quid
1853 3855 2085 3912 actum
2119 3855 2305 3911 esset
2339 3848 2425 3911 de
2470 3848 2789 3914 Roberto

951 4070 967 4102 ¹
1001 4073 1068 4121 Et
1108 4072 1269 4136 suia]
1329 4072 1687 4135 Huntingdon,
1754 4089 1807 4135 p.
1858 4072 2019 4121 Flor.:
2052 4071 2155 4120 ‘ibi
2190 4070 2323 4119 infra
2344 4070 2589 4121 ambitum
2614 4075 2792 4137 tul-rie,

887 4146 1000 4193 8⁷8.
1855 4142 2124 4191 multorum
2182 4156 2447 4202 procerum
2516 4148 2793 4207 conventu,

949 4209 1046 4262 ²In
1069 4210 1252 4275 cnjus]
1288 4211 1384 4261 ‘In
1417 4212 1576 4260 veteri
1608 4226 1806 4260 monas·
1853 4226 2130 4273 paucorum
2170 4211 2400 4272 planctu,
2443 4215 2591 4262 terrae
2629 4214 2793 4263 tradi·

875 4284 1023 4346 terio,
1058 4283 1112 4330 in
1147 4282 1365 4333 ecclesia
1402 4282 1566 4331 sancti
1610 4281 1754 4331 Petri
1774 4276 1804 4345 ς’
1852 4286 1957 4331 tum
1979 4278 2008 4345 ς’
2044 4280 2285 4331 Malmsb.
2311 4296 2363 4343 p.
2384 4284 2500 4335 509.
