3108 5059
852 498 1128 546 smnus
1175 497 1717 548 ms'ronmnuu.
2118 478 2249 542 119

345 654 802 734 compulsum,
831 676 958 720 nec
991 657 1063 720 id
1105 677 1310 740 posse
1355 659 1618 741 absque
1658 657 1901 720 mortis
1935 655 2243 738 periculo

2272 661 2381 702 ΑΗΒ
2403 663 2515 702 1098.

2269 713 2447 762 Histoi-y
2464 713 2513 752 d

343 751 706 819 declinare.
786 756 892 821 Hi
922 764 1178 834 autem,
1207 778 1366 822 cum
1394 758 1466 822 id
1510 757 1781 822 caeteris
1819 756 2244 839 principibus
2266 763 2342 808 ‚the
2352 763 2572 804 cumae..

345 856 994 936 communicassent,
1031 858 1117 921 ad
1164 859 1417 936 locum,
1462 877 1667 940 quem
1712 858 1811 921 eis
1844 859 1915 920 in
1950 856 2243 921 ecclesia

344 951 860 1035 designaverat,
913 965 1410 1035 convenerunt,
1455 966 1550 1035 et,
1602 951 1885 1022 ¹effossa
1927 956 2241 1039 aliquan-

345 1052 567 1117 tulum
601 1063 790 1122 terra
815 1059 888 1122 in
918 1059 1164 1136 altum,
1196 1059 1534 1135 lanceam,
1560 1058 1768 1122 sicuti
1798 1056 2244 1141 praedixerat,

343 1155 739 1237 reperiunt3
805 1159 992 1240 quod
1043 1159 1334 1224 audiens
1386 1159 1689 1244 populus
1744 1157 1833 1220 ad
1884 1157 2243 1222 ecclesiam

238 1274 244 1280 ·
343 1257 714 1336 concurrit,
779 1259 1380 1343 oblationibusque
1440 1266 1512 1323 et
1575 1258 1834 1324 osculis
1886 1265 2030 1322 tam
2086 1277 2242 1340 pre-

346 1353 598 1420 tiosum
662 1367 1072 1424 venerantes
1140 1361 1500 1425 inventum
1569 1364 1931 1442 coeperunt
1993 1376 2037 1421 a
2099 1358 2244 1422 suis

347 1458 688 1537 angustiis
753 1461 1097 1544 respirare
1168 1467 1240 1526 et
1296 1460 1619 1525 fortiores
1682 1460 1755 1524 in
1821 1457 2074 1524 divinis
2136 1456 2243 1520 in·

344 1553 622 1622 haerere.

403 1746 502 1810 De
528 1746 920 1833 dispositione
947 1751 1224 1816 acierum
1251 1760 1308 1815 ot
1335 1748 1503 1816 eoeitu
1532 1760 1877 1816 nostrorum
1904 1748 1984 1814 ab
2014 1749 2179 1814 urbo.

445 1889 952 1956 Convenientes
976 1891 1216 1974 itaque
1245 1893 1318 1956 in
1367 1912 1578 1957 unum
1617 1893 1963 1975 principes
2002 1897 2074 1954 et
2114 1910 2241 1974 po·
2267 1905 2378 1953 saux
2394 1905 2504 1946 from

347 1990 514 2071 puli,
565 2009 723 2054 cum
774 1993 904 2056 sibi
957 1999 1433 2075 cognoverunt
1480 1993 1858 2056 immissum
1909 1991 2159 2056 divinit
2130 1998 2242 2056 tus

345 2089 706 2169 fervorem,
741 2091 824 2156 de
856 2093 1205 2157 communi
1243 2093 1622 2158 decernunt
1664 2091 1951 2158 consilio
1985 2091 2241 2155 bellum

344 2189 640 2256 indicere
688 2191 1135 2258 Corbaranno
1180 2195 1252 2257 in
1297 2193 1600 2258 crastino
1640 2193 1999 2272 futurum3
2058 2191 2243 2274 quod

348 2309 498 2354 cum
547 2287 611 2356 ei
654 2313 777 2376 per
832 2293 1283 2358 ministerium
1331 2294 1525 2359 Petri
1571 2293 1954 2357 Heremitae
1999 2291 2246 2356 fuisset

342 2391 702 2471 indictum,
746 2414 1016 2458 summo
1078 2394 1382 2460 diluculo
1444 2413 1683 2460 omnes
1744 2413 1869 2476 per
1918 2393 2246 2457 ecclesias

346 2493 597 2557 divinis
625 2493 1087 2560 interfuerunt
1121 2495 1493 2579 obsequiis,
1570 2494 1843 2575 Quibus
1871 2513 2025 2559 cum
2058 2512 2245 2558 sum-

346 2610 460 2657 ma
494 2594 859 2662 devotione
897 2598 1216 2679 peractis»,
1260 2596 1656 2661 sacerdotes
1692 2596 2091 2679 peregrinos
2127 2596 2249 2676 ad?

346 2702 652 2773 monent,
705 2704 807 2775 ut,
859 2696 1049 2761 facta
1098 2698 1404 2762 omnium
1465 2703 1918 2780 peccatorum
1975 2695 2245 2759 confes-

347 2795 538 2859 sione
583 2796 975 2880 purissima,
1011 2797 1360 2862 Dominici
1405 2796 1715 2881 corporis
1768 2803 1840 2860 et
1889 2796 2246 2878 sanguinis

345 2895 783 2979 perceptione
813 2917 889 2961 se
920 2898 1411 2977 communiant,
1445 2906 1516 2963 et
1558 2898 1660 2962 sic
1705 2897 2036 2962 audacter
2081 2916 2245 2961 con-

349 3002 456 3059 tra
517 2996 756 3062 hostes
815 2998 1037 3063 crucis
1101 3000 1189 3063 ad
1268 3018 1574 3083 pugnam
1655 2998 2026 3083 procedere
2107 3016 2246 3060 non

347 3096 737 3162 formident.
843 3098 1115 3178 Quarto
1167 3100 1384 3182 igitur
1417 3097 1755 3163 kalendas
1803 3097 1850 3161 J
1854 3098 2003 3176 ulii,
2047 3098 2243 3162 invo-

348 3204 502 3261 cato
539 3197 625 3262 de
658 3200 978 3282 supernis
1013 3200 1300 3278 auxilio,
1344 3202 1530 3267 acies
1572 3200 1927 3263 instruunt
1970 3204 2042 3263 et
2085 3216 2244 3279 pro-

350 3298 635 3362 cedendi
676 3300 986 3364 ordinem
1016 3300 1375 3365 instructis
1421 3300 1820 3381 assignant3
1873 3290 1980 3361 ²in
2024 3296 2248 3380 prima

351 3398 495 3462 acie
563 3397 940 3482 Hugonem
999 3421 1328 3483 magnum
1380 3401 1738 3465 ductorem
1793 3399 2250 3475 constituunt,

349 3505 419 3562 et
447 3499 670 3564 eidem
698 3497 1105 3565 Anselmum
1128 3502 1214 3565 de
1246 3500 1875 3583 Riburgis-monte,
1905 3519 2061 3564 cum
2096 3498 2251 3562 aliis

353 3599 695 3664 nobilibus
742 3600 1004 3679 multiS,
1051 3622 1346 3685 quorum
1386 3621 1512 3665 nec
1560 3619 1921 3665 numerum
1960 3619 2085 3663 nec
2127 3618 2252 3661 no-

353 3700 540 3765 mina
585 3707 922 3780 tenemuS,
965 3702 1450 3787 conjungunt;
1501 3700 1886 3765 secundam
1936 3698 2251 3764 modera-

351 3800 604 3866 bantur
656 3821 886 3866 comes
950 3802 1399 3867 Flandrensis
1464 3809 1535 3867 et
1606 3801 1958 3866 Robertus
2025 3799 2251 3878 Friso,

422 4046 440 4080 ¹
465 4050 661 4115 Effossa
701 4046 1054 4115 aliquantidum
1097 4054 1272 4118 terra]
1395 4050 1482 4103 'In
1495 4054 1657 4117 prima
1670 4052 1788 4102 acie.
1794 4046 1817 4121 ]
1852 4052 1954 4100 For
1972 4052 2058 4100 the
2080 4064 2254 4101 names

354 4120 597 4182 Compare
625 4121 754 4171 with
785 4122 888 4171 this
921 4127 1136 4173 account
1166 4124 1276 4173 that
1325 4124 1385 4173 of
1400 4124 1484 4173 the
1509 4124 1769 4186 following
1800 4122 1999 4172 leaders
2020 4136 2254 4183 compare

353 4191 420 4252 by
442 4192 642 4242 Robert.
667 4192 908 4242 Monach.
941 4209 995 4256 p.
1019 4198 1119 4255 613
1154 4194 1278 4243 Ful-
1327 4196 1470 4245 will.
1507 4195 1629 4256 Tyr.
1670 4210 1725 4256 Ρ.
1760 4198 1879 4257 725,
1906 4192 2031 4242 with
2075 4191 2257 4241 Albert

355 4262 476 4310 cher
489 4261 1006 4327 aichadrum-3923
1029 4229 1130 4315 and
1141 4265 1280 4326 Ray-
1327 4264 1386 4315 of
1402 4265 1526 4328 Aix,
1546 4281 1601 4328 Ρ.
1624 4269 1741 4315 255.

359 4332 507 4381 mond
527 4332 584 4381 of
600 4333 864 4397 Agilesffl.
881 4338 992 4384 16⁷.

2266 1957 2464 1996 Antioeh.
