3108 5059
853 465 1133 515 nones
1180 466 1722 517 msromARuM.
2105 453 2238 517 255

333 624 596 689 Eodem
661 644 847 689 anno
913 632 1122 689 natus
1170 633 1279 690 est
1328 626 1487 690 duci
1545 628 1856 694 Hem-ico
1913 628 2096 692 filius
2143 648 2232 693 ex
2264 636 2374 678 Ad>-
2395 638 2508 676 ¹¹⁵²·

331 722 624 787 Alienor
690 745 913 789 uxore
963 744 1117 801 sua,
1174 734 1247 789 et
1311 734 1600 791 vocatus
1659 735 1765 792 est
1813 727 2232 805 WillelmuS,

331 823 516 905 quod
563 826 919 907 proprium
966 844 1219 889 nomen
1253 833 1361 889 est
1396 826 1686 893 ducibus
1717 826 2234 911 Aquitanorum

332 929 403 985 et
434 924 809 987 comitibus
845 923 1407 1005 Andegavorum.

502 1096 603 1157 De
633 1095 964 1160 concordia
978 1096 1172 1178 saeta
1200 1095 1364 1159 inter
1391 1116 1587 1179 reyem
1617 1094 1998 1181 Stephanum
2023 1107 2080 1160 et

983 1194 1193 1257 ducem
1220 1194 1590 1257 Hominum.

470 1315 684 1381 Anno
741 1316 1027 1382 Domini
1094 1334 1353 1381 nomn.
1391 1316 1672 1402 justitia
1715 1317 1801 1381 de
1856 1318 2027 1382 caelo
2082 1338 2241 1401 pro·
2265 1337 2512 1378 anana.

340 1416 703 1499 spiciente,
748 1422 820 1479 et
864 1416 1225 1498 diligentia
1268 1416 1678 1494 Theobaldi,
1719 1416 2240 1482 cantuariensis
2263 1388 2512 1525 ἷιῗιῗὲαοιῖἓῖ

342 1516 871 1598 archiepiscopi,
904 1522 974 1579 et
1008 1517 1488 1599 episcoporum
1521 1517 1718 1597 regni
1750 1517 2238 1595 intercedente,
2264 1488 2563 1585 fflfiet'igfflg.

340 1634 464 1677 rex
501 1612 893 1696 Anglorum
939 1614 1335 1698 Stephanus
1378 1622 1449 1678 et
1492 1615 1638 1678 dux
1676 1614 2240 1680 Normannorum

344 1713 697 1778 Henricus
734 1706 953 1795 ¹apud
991 1713 1471 1795 walingeford
1517 1714 1591 1777 in
1637 1715 1847 1777 talem
1885 1715 2240 1780 concordi·

344 1832 453 1877 am
493 1819 1009 1892 convenerunt3
1067 1812 1229 1877 Rex
1276 1812 1694 1895 StephanuS,
1743 1814 1938 1882 omni¹
1971 1813 2242 1877 haerede

342 1912 672 1977 viduatus
721 1919 978 1994 praeter
1046 1911 1477 1975 solummodo
1533 1911 1779 1975 ducem
1835 1911 2242 1989 Henricum,

342 2010 753 2093 recognovit
796 2011 870 2074 in
912 2017 1261 2076 conventu
1304 2011 1784 2093 episcoporum
1835 2019 1907 2075 et
1951 2011 2243 2076 aliorum

345 2110 544 2191 regni
614 2109 1029 2192 optimatum
1085 2110 1207 2193 jus
1270 2109 1786 2172 haereditarium
1856 2111 2042 2193 quod
2099 2110 2246 2173 dux

346 2208 703 2273 Hem-icus
746 2209 821 2270 in
850 2228 1144 2289 regnum
1178 2205 1457 2290 Angliae
1500 2207 1824 2286 habebat,
1855 2216 1926 2273 et
1960 2210 2105 2273 dux
2133 2211 2245 2273 be—

350 2310 562 2389 nigne
608 2308 975 2384 concessit,
1009 2313 1091 2370 ut
1132 2327 1259 2370 rex
1305 2305 1699 2389 Stephanus
1731 2316 1881 2372 tota
1911 2308 2059 2372 vita
2091 2328 2244 2385 sua,

346 2408 407 2471 si
439 2406 679 2482 vellet,
718 2425 1011 2487 regnum
1048 2406 1331 2487 pacifice
1375 2405 1780 2487 possideret.
1849 2408 1965 2471 Ita
2013 2415 2246 2471 tamen

349 2526 480 2572 con
490 2505 837 2569 firmatum
866 2512 973 2570 est
995 2512 1303 2588 pactum,
1327 2505 1509 2588 quod
1537 2505 1688 2588 ipse
1707 2525 1829 2570 rex
1849 2513 1920 2571 et
1941 2507 2245 2591 episcopi

349 2614 517 2671 tunc
575 2611 982 2688 praesenteS,
1020 2624 1178 2668 cum
1228 2606 1498 2668 caeteris
1538 2606 1990 2687 optimatibus
2026 2607 2246 2686 regni,

342 2706 691 2790 jurarent,
732 2705 919 2786 quod
970 2704 1113 2767 dux
1158 2711 1321 2786 post
1366 2711 1658 2769 mortem
1703 2705 1913 2786 regis,
1945 2705 2004 2767 si
2053 2705 2248 2767 illum

350 2803 854 2887 superviveret,
903 2822 1193 2884 regnum
1236 2803 1385 2866 sine
1432 2803 1975 2867 contradictione
2013 2804 2250 2885 aliqua

348 2904 698 2968 obtineret
723 2922 740 2980 3
788 2895 893 2965 2et
922 2901 1023 2964 sic
1054 2921 1235 2964 nunc
1264 2900 1437 2964 illud
1468 2902 1940 2983 propheticum
1973 2902 2250 2966 Merlini

350 3001 783 3077 attendatur,
802 3000 989 3083 quod
1017 3000 1207 3076 dicit,
1231 2994 1287 3034 ³‘
1306 2999 1606 3064 Nocebit
1635 3000 2038 3082 possidenti,
2065 3001 2252 3082 quod

350 3122 438 3166 ex
488 3099 722 3182 impiis
768 3101 1017 3181 pietas,
1064 3096 1283 3163 donec
1336 3117 1488 3162 sese
1536 3100 1850 3180 genitore
1888 3100 2187 3163 induerit
2212 3096 2251 3177 3’

351 3198 799 3265 manifestum
854 3205 961 3261 est
996 3217 1227 3279 regem
1266 3195 1696 3278 Stephanum
1737 3197 2120 3261 Henricum
2152 3199 2250 3260 in-

350 3300 587 3363 duisse
638 3295 1007 3372 haeredem,
1052 3315 1257 3378 quem
1309 3316 1445 3358 non
1504 3297 1768 3377 genuit,
1815 3296 1980 3359 dum
2025 3297 2252 3378 ipsum

349 3397 721 3479 adoptavit
756 3395 830 3459 in
880 3393 1099 3458 filium
1142 3402 1211 3458 et
1251 3395 1447 3475 regni
1495 3396 1924 3478 participem,
1958 3401 2028 3458 et
2065 3402 2253 3476 post-

350 3497 637 3562 modum
666 3512 1182 3571 successorem3
1229 3494 1301 3555 in
1351 3512 1515 3574 rege
1557 3513 1832 3575 quoque
1870 3495 2138 3570 ducem,
2183 3501 2254 3555 et

416 3736 437 3768 ¹
458 3735 615 3800 Apud
644 3735 716 3784 W
711 3733 1044 3796 diagerum]
1076 3719 1186 3780 'r'he
1207 3729 1283 3778 in-
1330 3745 1394 3779 on
1415 3729 1501 3778 the
1518 3733 1548 3779 ⁷
1552 3729 1604 3777 th
1631 3728 1934 3778 November.
1980 3730 2088 3779 The
2110 3731 2255 3779 char-

344 3809 561 3858 terview
583 3809 639 3854 at
658 3802 1016 3864 wallingford,
1038 3807 1093 3850 at
1111 3800 1282 3850 which
1330 3803 1407 3848 ter
1447 3798 1493 3847 is
1530 3798 1732 3860 printed
1765 3800 1835 3860 by
1879 3797 2086 3860 Rymer,
2128 3799 2164 3850 i.
2200 3814 2253 3860 p.

348 3879 469 3939 only
516 3891 551 3924 a
588 3874 843 3923 cessation
886 3871 946 3920 of
988 3884 1123 3920 arms
1173 3883 1283 3918 was
1333 3872 1412 3918 13.

555 3957 715 4005 upon,
729 3956 841 3991 was
862 3940 982 3990 held
1003 3938 1175 3989 before
1196 3938 1283 3986 the
1402 3933 1423 3964 ⁸
1444 3940 1517 3986 Et
1544 3937 1618 3985 sic
1654 3930 1825 4004 uuna]
1857 3937 1872 3965 ⁴
1893 3937 1962 3986 Et
1999 3939 2044 3988 si
2083 3937 2254 3999 nunc,’

349 4015 508 4066 death
548 4012 609 4062 of
640 4012 829 4060 Prince
863 4011 1105 4061 Eustace.
1174 4007 1282 4055 The
1330 4007 1447 4055 MS.

348 4084 573 4145 council,
611 4085 667 4130 at
700 4079 871 4129 which
909 4079 997 4128 the
1034 4081 1197 4138 treaty
1232 4075 1291 4125 of
1398 4072 1421 4105 ⁸
1439 4075 1692 4137 Nocebit]
1728 4073 1975 4135 Compare
1997 4076 2081 4124 the
2103 4077 2256 4123 inter-

348 4169 511 4218 peace
555 4152 678 4201 here
722 4149 967 4198 recorded
1010 4161 1121 4196 was
1164 4161 1283 4194 cou-
1330 4145 1581 4205 pretation
1612 4143 1671 4192 of
1701 4143 1900 4193 Alanus
1937 4146 2002 4195 de
2039 4145 2248 4205 haulis,

346 4224 556 4285 cluded,
589 4233 702 4269 was
731 4219 852 4268 held
884 4222 938 4268 at
969 4215 1287 4265 winchester
1331 4227 1385 4273 p.
1407 4215 1490 4262 94.
