<?xml version="1.0" encoding="UTF-8"?>
<!DOCTYPE html PUBLIC "-//W3C//DTD XHTML 1.0 Transitional//EN"
    "http://www.w3.org/TR/xhtml1/DTD/xhtml1-transitional.dtd">
<html xmlns="http://www.w3.org/1999/xhtml" xml:lang="en" lang="en">
 <head>
  <title>
</title>
<meta http-equiv="Content-Type" content="text/html;charset=utf-8" />
  <meta name='ocr-system' content='tesseract 3.04.00' />
  <meta name='ocr-capabilities' content='ocr_page ocr_carea ocr_par ocr_line ocrx_word'/>
</head>
<body>
  <div class='ocr_page' id='page_1' title='image "./rogeridewendove00coxegoog_0142.png"; bbox 0 0 3108 5059; ppageno 0'>
   <div class='ocr_carea' id='block_1_1' title="bbox 539 703 786 742">
    <p class='ocr_par' dir='ltr' id='par_1_1' title="bbox 539 703 786 742">
     <span class='ocr_line' id='line_1_1' title="bbox 539 703 786 742; baseline -0.008 0"><span class='ocrx_word' id='word_1_1' title='bbox 539 703 651 742; x_wconf 77' lang='lat' dir='ltr'><strong>A.D.</strong></span> <span class='ocrx_word' id='word_1_2' title='bbox 675 703 786 742; x_wconf 79' lang='lat'><strong>1099.</strong></span> 
     </span>
    </p>
   </div>
   <div class='ocr_carea' id='block_1_2' title="bbox 541 751 782 801">
    <p class='ocr_par' dir='ltr' id='par_1_2' title="bbox 541 751 782 801">
     <span class='ocr_line' id='line_1_2' title="bbox 541 751 782 801; baseline -0.004 -9"><span class='ocrx_word' id='word_1_3' title='bbox 541 754 717 801; x_wconf 74' lang='lat' dir='ltr'><strong>Histon-</strong></span> <span class='ocrx_word' id='word_1_4' title='bbox 735 751 782 791; x_wconf 73' lang='lat' dir='ltr'><strong>of</strong></span> 
     </span>
    </p>
   </div>
   <div class='ocr_carea' id='block_1_3' title="bbox 541 803 826 844">
    <p class='ocr_par' dir='ltr' id='par_1_3' title="bbox 541 803 826 844">
     <span class='ocr_line' id='line_1_3' title="bbox 541 803 826 844; baseline 0.004 -2"><span class='ocrx_word' id='word_1_5' title='bbox 541 803 826 844; x_wconf 70' lang='lat' dir='ltr'><strong>thecruude}</strong></span> 
     </span>
    </p>
   </div>
   <div class='ocr_carea' id='block_1_4' title="bbox 860 503 2245 569">
    <p class='ocr_par' dir='ltr' id='par_1_4' title="bbox 860 503 2245 569">
     <span class='ocr_line' id='line_1_4' title="bbox 860 503 2245 569; baseline -0.006 0"><span class='ocrx_word' id='word_1_6' title='bbox 860 503 1008 569; x_wconf 52' lang='lat'><strong>134⁴</strong></span> <span class='ocrx_word' id='word_1_7' title='bbox 1373 515 1639 564; x_wconf 75' lang='lat' dir='ltr'><strong>noc-nm</strong></span> <span class='ocrx_word' id='word_1_8' title='bbox 1690 514 1784 562; x_wconf 78' lang='lat' dir='ltr'><strong>nn</strong></span> <span class='ocrx_word' id='word_1_9' title='bbox 1829 512 2245 562; x_wconf 78' lang='lat' dir='ltr'><strong>wnNnovnR</strong></span> 
     </span>
    </p>
   </div>
   <div class='ocr_carea' id='block_1_5' title="bbox 863 670 2765 759">
    <p class='ocr_par' dir='ltr' id='par_1_5' title="bbox 863 670 2765 759">
     <span class='ocr_line' id='line_1_5' title="bbox 863 670 2765 759; baseline -0.004 -18"><span class='ocrx_word' id='word_1_10' title='bbox 863 683 1052 754; x_wconf 88' lang='lat' dir='ltr'><strong>runt,</strong></span> <span class='ocrx_word' id='word_1_11' title='bbox 1127 683 1339 759; x_wconf 87' lang='lat' dir='ltr'><strong>atque</strong></span> <span class='ocrx_word' id='word_1_12' title='bbox 1411 675 1642 740; x_wconf 88' lang='lat' dir='ltr'><strong>subito</strong></span> <span class='ocrx_word' id='word_1_13' title='bbox 1720 680 1885 738; x_wconf 90' lang='lat' dir='ltr'><strong>ante</strong></span> <span class='ocrx_word' id='word_1_14' title='bbox 1967 673 2206 736; x_wconf 89' lang='lat' dir='ltr'><strong>urbem</strong></span> <span class='ocrx_word' id='word_1_15' title='bbox 2279 670 2765 736; x_wconf 87' lang='lat' dir='ltr'><strong>convenientes</strong></span> 
     </span>
    </p>
   </div>
   <div class='ocr_carea' id='block_1_6' title="bbox 827 771 2766 843">
    <p class='ocr_par' dir='ltr' id='par_1_6' title="bbox 827 771 2766 843">
     <span class='ocr_line' id='line_1_6' title="bbox 827 771 2766 843; baseline -0.004 -2"><span class='ocrx_word' id='word_1_16' title='bbox 827 785 1119 843; x_wconf 77' lang='lat' dir='ltr'><strong>,octavo</strong></span> <span class='ocrx_word' id='word_1_17' title='bbox 1181 776 1339 840; x_wconf 88' lang='lat' dir='ltr'><strong>idus</strong></span> <span class='ocrx_word' id='word_1_18' title='bbox 1404 775 1451 840; x_wconf 87' lang='lat' dir='ltr'><strong>J</strong></span> <span class='ocrx_word' id='word_1_19' title='bbox 1456 775 1606 838; x_wconf 91' lang='lat' dir='ltr'><strong>unii</strong></span> <span class='ocrx_word' id='word_1_20' title='bbox 1670 793 1824 839; x_wconf 90' lang='lat' dir='ltr'><strong>eam</strong></span> <span class='ocrx_word' id='word_1_21' title='bbox 1889 771 2246 839; x_wconf 82' lang='lat' dir='ltr'>obsidione</span> <span class='ocrx_word' id='word_1_22' title='bbox 2299 771 2766 836; x_wconf 84' lang='lat' dir='ltr'><strong>vallaverunt.</strong></span> 
     </span>
    </p>
   </div>
   <div class='ocr_carea' id='block_1_7' title="bbox 870 869 2773 1460">
    <p class='ocr_par' dir='ltr' id='par_1_7' title="bbox 870 869 2773 1460">
     <span class='ocr_line' id='line_1_7' title="bbox 870 869 2767 954; baseline -0.006 -11"><span class='ocrx_word' id='word_1_23' title='bbox 870 877 1148 943; x_wconf 88' lang='lat' dir='ltr'>Dicitur</span> <span class='ocrx_word' id='word_1_24' title='bbox 1178 883 1412 941; x_wconf 90' lang='lat' dir='ltr'><strong>autem</strong></span> <span class='ocrx_word' id='word_1_25' title='bbox 1443 874 1659 940; x_wconf 87' lang='lat' dir='ltr'><strong>fuisse</strong></span> <span class='ocrx_word' id='word_1_26' title='bbox 1699 892 2025 937; x_wconf 88' lang='lat' dir='ltr'><strong>numerus</strong></span> <span class='ocrx_word' id='word_1_27' title='bbox 2062 872 2526 938; x_wconf 82' lang='lat' dir='ltr'><strong>obsidentium</strong></span> <span class='ocrx_word' id='word_1_28' title='bbox 2560 869 2767 954; x_wconf 82' lang='lat' dir='ltr'><strong>quasi</strong></span> 
     </span>
     <span class='ocr_line' id='line_1_8' title="bbox 870 971 2770 1060; baseline -0.004 -18"><span class='ocrx_word' id='word_1_29' title='bbox 870 977 1087 1042; x_wconf 89' lang='lat' dir='ltr'><strong>millia</strong></span> <span class='ocrx_word' id='word_1_30' title='bbox 1132 975 1599 1060; x_wconf 89' lang='lat' dir='ltr'><strong>quadraginta</strong></span> <span class='ocrx_word' id='word_1_31' title='bbox 1648 973 1982 1057; x_wconf 86' lang='lat' dir='ltr'><strong>peditum,</strong></span> <span class='ocrx_word' id='word_1_32' title='bbox 2022 972 2331 1056; x_wconf 88' lang='lat' dir='ltr'><strong>equitum</strong></span> <span class='ocrx_word' id='word_1_33' title='bbox 2369 991 2535 1036; x_wconf 84' lang='lat' dir='ltr'><strong>vero</strong></span> <span class='ocrx_word' id='word_1_34' title='bbox 2582 971 2770 1034; x_wconf 90' lang='lat' dir='ltr'><strong>mille</strong></span> 
     </span>
     <span class='ocr_line' id='line_1_9' title="bbox 872 1071 2772 1162; baseline -0.004 -21"><span class='ocrx_word' id='word_1_35' title='bbox 872 1077 1257 1162; x_wconf 81' lang='lat' dir='ltr'><strong>quingenti,</strong></span> <span class='ocrx_word' id='word_1_36' title='bbox 1311 1083 1565 1159; x_wconf 85' lang='lat' dir='ltr'><strong>praeter</strong></span> <span class='ocrx_word' id='word_1_37' title='bbox 1616 1092 1815 1139; x_wconf 91' lang='lat' dir='ltr'><strong>senes</strong></span> <span class='ocrx_word' id='word_1_38' title='bbox 1872 1080 1944 1137; x_wconf 90' lang='lat' dir='ltr'><strong>et</strong></span> <span class='ocrx_word' id='word_1_39' title='bbox 1992 1072 2533 1138; x_wconf 79' lang='lat' dir='ltr'><strong>valetudinarios</strong></span> <span class='ocrx_word' id='word_1_40' title='bbox 2586 1071 2772 1134; x_wconf 88' lang='lat' dir='ltr'><strong>iner-</strong></span> 
     </span>
     <span class='ocr_line' id='line_1_10' title="bbox 871 1171 2773 1261; baseline -0.004 -19"><span class='ocrx_word' id='word_1_41' title='bbox 871 1197 1116 1261; x_wconf 88' lang='lat' dir='ltr'><strong>meque</strong></span> <span class='ocrx_word' id='word_1_42' title='bbox 1161 1177 1438 1258; x_wconf 84' lang='lat' dir='ltr'><strong>vulgus.</strong></span> <span class='ocrx_word' id='word_1_43' title='bbox 1544 1173 1633 1238; x_wconf 92' lang='lat' dir='ltr'><strong>In</strong></span> <span class='ocrx_word' id='word_1_44' title='bbox 1679 1175 1849 1238; x_wconf 89' lang='lat' dir='ltr'><strong>urbe</strong></span> <span class='ocrx_word' id='word_1_45' title='bbox 1892 1180 2123 1237; x_wconf 87' lang='lat' dir='ltr'><strong>autem</strong></span> <span class='ocrx_word' id='word_1_46' title='bbox 2167 1171 2573 1237; x_wconf 85' lang='lat' dir='ltr'><strong>dicebantur</strong></span> <span class='ocrx_word' id='word_1_47' title='bbox 2616 1190 2773 1236; x_wconf 87' lang='lat' dir='ltr'><strong>esse</strong></span> 
     </span>
     <span class='ocr_line' id='line_1_11' title="bbox 873 1271 2773 1357; baseline -0.005 -14"><span class='ocrx_word' id='word_1_48' title='bbox 873 1279 1258 1344; x_wconf 85' lang='lat' dir='ltr'><strong>Turcorum</strong></span> <span class='ocrx_word' id='word_1_49' title='bbox 1291 1276 1571 1340; x_wconf 87' lang='lat' dir='ltr'><strong>fortium</strong></span> <span class='ocrx_word' id='word_1_50' title='bbox 1608 1284 1691 1339; x_wconf 89' lang='lat' dir='ltr'><strong>et.</strong></span> <span class='ocrx_word' id='word_1_51' title='bbox 1713 1274 1971 1357; x_wconf 90' lang='lat' dir='ltr'><strong>optime</strong></span> <span class='ocrx_word' id='word_1_52' title='bbox 2005 1280 2428 1337; x_wconf 85' lang='lat' dir='ltr'><strong>armatorum</strong></span> <span class='ocrx_word' id='word_1_53' title='bbox 2472 1271 2773 1355; x_wconf 87' lang='lat' dir='ltr'><strong>quadra-</strong></span> 
     </span>
     <span class='ocr_line' id='line_1_12' title="bbox 873 1372 2773 1460; baseline -0.004 -18"><span class='ocrx_word' id='word_1_54' title='bbox 873 1379 1069 1460; x_wconf 83' lang='lat' dir='ltr'><strong>ginta</strong></span> <span class='ocrx_word' id='word_1_55' title='bbox 1125 1377 1366 1452; x_wconf 86' lang='lat' dir='ltr'><strong>millia‚</strong></span> <span class='ocrx_word' id='word_1_56' title='bbox 1407 1383 1550 1440; x_wconf 89' lang='lat' dir='ltr'><strong>tam</strong></span> <span class='ocrx_word' id='word_1_57' title='bbox 1597 1381 1678 1438; x_wconf 90' lang='lat' dir='ltr'><strong>ut</strong></span> <span class='ocrx_word' id='word_1_58' title='bbox 1720 1374 1958 1438; x_wconf 89' lang='lat' dir='ltr'><strong>urbem</strong></span> <span class='ocrx_word' id='word_1_59' title='bbox 2003 1373 2267 1455; x_wconf 88' lang='lat' dir='ltr'><strong>regiam</strong></span> <span class='ocrx_word' id='word_1_60' title='bbox 2312 1373 2401 1436; x_wconf 90' lang='lat' dir='ltr'><strong>ab</strong></span> <span class='ocrx_word' id='word_1_61' title='bbox 2444 1372 2773 1436; x_wconf 87' lang='lat' dir='ltr'><strong>instanti-</strong></span> 
     </span>
    </p>
   </div>
   <div class='ocr_carea' id='block_1_8' title="bbox 793 1473 2775 1558">
    <p class='ocr_par' dir='ltr' id='par_1_8' title="bbox 793 1473 2775 1558">
     <span class='ocr_line' id='line_1_13' title="bbox 793 1473 2775 1558; baseline -0.005 -14"><span class='ocrx_word' id='word_1_62' title='bbox 793 1546 798 1550; x_wconf 72' lang='grc'>,</span> <span class='ocrx_word' id='word_1_63' title='bbox 871 1479 1003 1543; x_wconf 92' lang='lat' dir='ltr'><strong>bus</strong></span> <span class='ocrx_word' id='word_1_64' title='bbox 1038 1483 1396 1542; x_wconf 87' lang='lat' dir='ltr'><strong>tuerentur</strong></span> <span class='ocrx_word' id='word_1_65' title='bbox 1442 1473 1792 1558; x_wconf 87' lang='lat' dir='ltr'><strong>periculis,</strong></span> <span class='ocrx_word' id='word_1_66' title='bbox 1826 1493 2033 1557; x_wconf 90' lang='lat' dir='ltr'><strong>quam</strong></span> <span class='ocrx_word' id='word_1_67' title='bbox 2070 1480 2149 1536; x_wconf 91' lang='lat' dir='ltr'><strong>ut</strong></span> <span class='ocrx_word' id='word_1_68' title='bbox 2193 1473 2488 1555; x_wconf 84' lang='lat' dir='ltr'><strong>propriae</strong></span> <span class='ocrx_word' id='word_1_69' title='bbox 2522 1490 2775 1536; x_wconf 89' lang='lat' dir='ltr'><strong>consu-</strong></span> 
     </span>
    </p>
   </div>
   <div class='ocr_carea' id='block_1_9' title="bbox 872 1573 2779 3260">
    <p class='ocr_par' dir='ltr' id='par_1_9' title="bbox 872 1573 2779 3260">
     <span class='ocr_line' id='line_1_14' title="bbox 873 1573 2770 1655; baseline -0.003 -14"><span class='ocrx_word' id='word_1_70' title='bbox 873 1578 1095 1642; x_wconf 88' lang='lat' dir='ltr'><strong>lerent</strong></span> <span class='ocrx_word' id='word_1_71' title='bbox 1137 1584 1207 1640; x_wconf 90' lang='lat' dir='ltr'><strong>et</strong></span> <span class='ocrx_word' id='word_1_72' title='bbox 1250 1595 1531 1640; x_wconf 89' lang='lat' dir='ltr'><strong>suorum</strong></span> <span class='ocrx_word' id='word_1_73' title='bbox 1578 1574 1811 1639; x_wconf 90' lang='lat' dir='ltr'><strong>saluti.</strong></span> <span class='ocrx_word' id='word_1_74' title='bbox 1920 1573 2283 1655; x_wconf 84' lang='lat' dir='ltr'><strong>Principes</strong></span> <span class='ocrx_word' id='word_1_75' title='bbox 2325 1573 2562 1655; x_wconf 87' lang='lat' dir='ltr'><strong>itaque</strong></span> <span class='ocrx_word' id='word_1_76' title='bbox 2612 1593 2770 1654; x_wconf 87' lang='lat' dir='ltr'><strong>per-</strong></span> 
     </span>
     <span class='ocr_line' id='line_1_15' title="bbox 873 1672 2771 1759; baseline -0.002 -20"><span class='ocrx_word' id='word_1_77' title='bbox 873 1678 1109 1759; x_wconf 90' lang='lat' dir='ltr'><strong>spicue</strong></span> <span class='ocrx_word' id='word_1_78' title='bbox 1183 1675 1724 1751; x_wconf 81' lang='lat' dir='ltr'><strong>consideranteS,</strong></span> <span class='ocrx_word' id='word_1_79' title='bbox 1788 1673 1975 1757; x_wconf 91' lang='lat' dir='ltr'><strong>quod</strong></span> <span class='ocrx_word' id='word_1_80' title='bbox 2042 1692 2269 1756; x_wconf 91' lang='lat' dir='ltr'><strong>neque</strong></span> <span class='ocrx_word' id='word_1_81' title='bbox 2330 1674 2417 1735; x_wconf 90' lang='lat' dir='ltr'><strong>ab</strong></span> <span class='ocrx_word' id='word_1_82' title='bbox 2482 1672 2771 1749; x_wconf 87' lang='lat' dir='ltr'><strong>oriente,</strong></span> 
     </span>
     <span class='ocr_line' id='line_1_16' title="bbox 872 1775 2772 1860; baseline -0.002 -21"><span class='ocrx_word' id='word_1_83' title='bbox 872 1796 1096 1860; x_wconf 89' lang='lat' dir='ltr'><strong>neque</strong></span> <span class='ocrx_word' id='word_1_84' title='bbox 1118 1777 1207 1841; x_wconf 90' lang='lat' dir='ltr'><strong>ab</strong></span> <span class='ocrx_word' id='word_1_85' title='bbox 1229 1775 1607 1852; x_wconf 89' lang='lat' dir='ltr'><strong>occidente,</strong></span> <span class='ocrx_word' id='word_1_86' title='bbox 1630 1791 1853 1856; x_wconf 88' lang='lat' dir='ltr'><strong>neque</strong></span> <span class='ocrx_word' id='word_1_87' title='bbox 1882 1775 1969 1837; x_wconf 89' lang='lat' dir='ltr'><strong>ab</strong></span> <span class='ocrx_word' id='word_1_88' title='bbox 2000 1779 2265 1851; x_wconf 78' lang='lat' dir='ltr'><strong>austm,</strong></span> <span class='ocrx_word' id='word_1_89' title='bbox 2285 1779 2570 1855; x_wconf 87' lang='lat' dir='ltr'><strong>propter</strong></span> <span class='ocrx_word' id='word_1_90' title='bbox 2598 1791 2772 1855; x_wconf 90' lang='lat' dir='ltr'><strong>qua-</strong></span> 
     </span>
     <span class='ocr_line' id='line_1_17' title="bbox 873 1873 2773 1958; baseline -0.003 -17"><span class='ocrx_word' id='word_1_91' title='bbox 873 1877 1166 1942; x_wconf 84' lang='lat' dir='ltr'><strong>rundam</strong></span> <span class='ocrx_word' id='word_1_92' title='bbox 1188 1876 1474 1941; x_wconf 81' lang='lat' dir='ltr'><strong>vallium</strong></span> <span class='ocrx_word' id='word_1_93' title='bbox 1506 1873 2051 1958; x_wconf 83' lang='lat' dir='ltr'><strong>profunditatem</strong></span> <span class='ocrx_word' id='word_1_94' title='bbox 2079 1873 2517 1957; x_wconf 88' lang='lat' dir='ltr'><strong>proficerent,</strong></span> <span class='ocrx_word' id='word_1_95' title='bbox 2540 1891 2584 1936; x_wconf 89' lang='lat' dir='ltr'><strong>a</strong></span> <span class='ocrx_word' id='word_1_96' title='bbox 2616 1892 2773 1956; x_wconf 90' lang='lat' dir='ltr'><strong>sep-</strong></span> 
     </span>
     <span class='ocr_line' id='line_1_18' title="bbox 874 1973 2775 2055; baseline -0.002 -15"><span class='ocrx_word' id='word_1_97' title='bbox 874 1977 1220 2042; x_wconf 92' lang='lat' dir='ltr'><strong>tentrione</strong></span> <span class='ocrx_word' id='word_1_98' title='bbox 1267 1995 1419 2040; x_wconf 90' lang='lat' dir='ltr'><strong>eam</strong></span> <span class='ocrx_word' id='word_1_99' title='bbox 1476 1975 1790 2041; x_wconf 89' lang='lat' dir='ltr'><strong>obsidere</strong></span> <span class='ocrx_word' id='word_1_100' title='bbox 1836 1973 2259 2052; x_wconf 87' lang='lat' dir='ltr'><strong>decernunt;</strong></span> <span class='ocrx_word' id='word_1_101' title='bbox 2321 1975 2410 2037; x_wconf 90' lang='lat' dir='ltr'><strong>ab</strong></span> <span class='ocrx_word' id='word_1_102' title='bbox 2464 1992 2550 2036; x_wconf 90' lang='lat' dir='ltr'><strong>ea</strong></span> <span class='ocrx_word' id='word_1_103' title='bbox 2607 1993 2775 2055; x_wconf 88' lang='lat' dir='ltr'><strong>ergo</strong></span> 
     </span>
     <span class='ocr_line' id='line_1_19' title="bbox 875 2073 2772 2162; baseline -0.002 -22"><span class='ocrx_word' id='word_1_104' title='bbox 875 2084 1103 2158; x_wconf 89' lang='lat' dir='ltr'><strong>porta,</strong></span> <span class='ocrx_word' id='word_1_105' title='bbox 1148 2095 1305 2162; x_wconf 80' lang='lat' dir='ltr'><strong>quae</strong></span> <span class='ocrx_word' id='word_1_106' title='bbox 1350 2075 1579 2138; x_wconf 91' lang='lat' dir='ltr'><strong>sancti</strong></span> <span class='ocrx_word' id='word_1_107' title='bbox 1635 2074 1969 2157; x_wconf 83' lang='lat' dir='ltr'><strong>Stephani</strong></span> <span class='ocrx_word' id='word_1_108' title='bbox 2015 2073 2267 2137; x_wconf 89' lang='lat' dir='ltr'><strong>dicitur</strong></span> <span class='ocrx_word' id='word_1_109' title='bbox 2318 2081 2389 2137; x_wconf 91' lang='lat' dir='ltr'><strong>et</strong></span> <span class='ocrx_word' id='word_1_110' title='bbox 2434 2074 2522 2138; x_wconf 90' lang='lat' dir='ltr'><strong>ad</strong></span> <span class='ocrx_word' id='word_1_111' title='bbox 2573 2075 2772 2156; x_wconf 90' lang='lat' dir='ltr'><strong>aqui-</strong></span> 
     </span>
     <span class='ocr_line' id='line_1_20' title="bbox 875 2164 2775 2258; baseline -0.001 -19"><span class='ocrx_word' id='word_1_112' title='bbox 875 2176 1103 2239; x_wconf 91' lang='lat' dir='ltr'><strong>lonem</strong></span> <span class='ocrx_word' id='word_1_113' title='bbox 1137 2175 1442 2258; x_wconf 83' lang='lat' dir='ltr'><strong>respicit,</strong></span> <span class='ocrx_word' id='word_1_114' title='bbox 1478 2193 1699 2258; x_wconf 89' lang='lat' dir='ltr'><strong>usque</strong></span> <span class='ocrx_word' id='word_1_115' title='bbox 1732 2174 1819 2237; x_wconf 90' lang='lat' dir='ltr'><strong>ad</strong></span> <span class='ocrx_word' id='word_1_116' title='bbox 1853 2174 2069 2250; x_wconf 90' lang='lat' dir='ltr'><strong>illam,</strong></span> <span class='ocrx_word' id='word_1_117' title='bbox 2106 2193 2265 2257; x_wconf 83' lang='lat' dir='ltr'><strong>quae</strong></span> <span class='ocrx_word' id='word_1_118' title='bbox 2298 2175 2509 2238; x_wconf 85' lang='lat' dir='ltr'><strong>turris</strong></span> <span class='ocrx_word' id='word_1_119' title='bbox 2540 2164 2775 2239; x_wconf 86' lang='lat' dir='ltr'><strong>David</strong></span> 
     </span>
     <span class='ocr_line' id='line_1_21' title="bbox 877 2274 2775 2358; baseline 0 -20"><span class='ocrx_word' id='word_1_120' title='bbox 877 2276 1130 2340; x_wconf 87' lang='lat' dir='ltr'><strong>dicitur</strong></span> <span class='ocrx_word' id='word_1_121' title='bbox 1175 2282 1246 2340; x_wconf 89' lang='lat' dir='ltr'><strong>et</strong></span> <span class='ocrx_word' id='word_1_122' title='bbox 1296 2276 1369 2339; x_wconf 92' lang='lat' dir='ltr'><strong>in</strong></span> <span class='ocrx_word' id='word_1_123' title='bbox 1415 2283 1615 2358; x_wconf 89' lang='lat' dir='ltr'><strong>parte</strong></span> <span class='ocrx_word' id='word_1_124' title='bbox 1659 2275 1964 2338; x_wconf 87' lang='lat' dir='ltr'><strong>civitatis</strong></span> <span class='ocrx_word' id='word_1_125' title='bbox 2007 2274 2418 2338; x_wconf 90' lang='lat' dir='ltr'><strong>occidentali</strong></span> <span class='ocrx_word' id='word_1_126' title='bbox 2462 2275 2601 2338; x_wconf 86' lang='lat' dir='ltr'><strong>sita</strong></span> <span class='ocrx_word' id='word_1_127' title='bbox 2644 2281 2775 2352; x_wconf 89' lang='lat' dir='ltr'><strong>est,</strong></span> 
     </span>
     <span class='ocr_line' id='line_1_22' title="bbox 879 2375 2774 2458; baseline -0.001 -20"><span class='ocrx_word' id='word_1_128' title='bbox 879 2383 1112 2440; x_wconf 88' lang='lat' dir='ltr'><strong>castra</strong></span> <span class='ocrx_word' id='word_1_129' title='bbox 1169 2375 1390 2440; x_wconf 89' lang='lat' dir='ltr'><strong>nostri</strong></span> <span class='ocrx_word' id='word_1_130' title='bbox 1440 2375 1785 2458; x_wconf 85' lang='lat' dir='ltr'><strong>principes</strong></span> <span class='ocrx_word' id='word_1_131' title='bbox 1843 2375 2298 2438; x_wconf 84' lang='lat' dir='ltr'><strong>locaverunt:</strong></span> <span class='ocrx_word' id='word_1_132' title='bbox 2365 2375 2438 2438; x_wconf 90' lang='lat' dir='ltr'><strong>in</strong></span> <span class='ocrx_word' id='word_1_133' title='bbox 2482 2394 2774 2458; x_wconf 90' lang='lat' dir='ltr'><strong>quorum</strong></span> 
     </span>
     <span class='ocr_line' id='line_1_23' title="bbox 878 2473 2777 2561; baseline -0.001 -21"><span class='ocrx_word' id='word_1_134' title='bbox 878 2475 1116 2541; x_wconf 91' lang='lat' dir='ltr'><strong>ordine</strong></span> <span class='ocrx_word' id='word_1_135' title='bbox 1171 2475 1319 2540; x_wconf 80' lang='lat' dir='ltr'><strong>dux</strong></span> <span class='ocrx_word' id='word_1_136' title='bbox 1377 2473 1800 2541; x_wconf 81' lang='lat' dir='ltr'><strong>Godeffidus</strong></span> <span class='ocrx_word' id='word_1_137' title='bbox 1861 2475 2127 2559; x_wconf 84' lang='lat' dir='ltr'><strong>primus</strong></span> <span class='ocrx_word' id='word_1_138' title='bbox 2182 2474 2387 2553; x_wconf 89' lang='lat' dir='ltr'><strong>sedit,</strong></span> <span class='ocrx_word' id='word_1_139' title='bbox 2444 2482 2519 2539; x_wconf 89' lang='lat' dir='ltr'><strong>et</strong></span> <span class='ocrx_word' id='word_1_140' title='bbox 2562 2475 2777 2561; x_wconf 80' lang='lat' dir='ltr'><strong>juxta</strong></span> 
     </span>
     <span class='ocr_line' id='line_1_24' title="bbox 876 2575 2778 2642; baseline -0.001 -1"><span class='ocrx_word' id='word_1_141' title='bbox 876 2597 1033 2642; x_wconf 92' lang='lat' dir='ltr'><strong>eum</strong></span> <span class='ocrx_word' id='word_1_142' title='bbox 1102 2577 1248 2641; x_wconf 84' lang='lat' dir='ltr'><strong>dux</strong></span> <span class='ocrx_word' id='word_1_143' title='bbox 1317 2576 1880 2642; x_wconf 86' lang='lat' dir='ltr'><strong>Normannorum</strong></span> <span class='ocrx_word' id='word_1_144' title='bbox 1951 2575 2305 2640; x_wconf 89' lang='lat' dir='ltr'><strong>Robertus</strong></span> <span class='ocrx_word' id='word_1_145' title='bbox 2383 2583 2455 2640; x_wconf 90' lang='lat' dir='ltr'><strong>et</strong></span> <span class='ocrx_word' id='word_1_146' title='bbox 2534 2576 2778 2641; x_wconf 85' lang='lat' dir='ltr'><strong>consul</strong></span> 
     </span>
     <span class='ocr_line' id='line_1_25' title="bbox 880 2676 2779 2760; baseline -0.001 -19"><span class='ocrx_word' id='word_1_147' title='bbox 880 2677 1326 2741; x_wconf 85' lang='lat' dir='ltr'><strong>Flandrensis</strong></span> <span class='ocrx_word' id='word_1_148' title='bbox 1363 2697 1386 2757; x_wconf 78' lang='lat'>3</span> <span class='ocrx_word' id='word_1_149' title='bbox 1433 2676 1618 2741; x_wconf 91' lang='lat' dir='ltr'><strong>circa</strong></span> <span class='ocrx_word' id='word_1_150' title='bbox 1663 2677 1933 2753; x_wconf 86' lang='lat' dir='ltr'><strong>turrim,</strong></span> <span class='ocrx_word' id='word_1_151' title='bbox 1977 2694 2135 2757; x_wconf 85' lang='lat' dir='ltr'><strong>quae</strong></span> <span class='ocrx_word' id='word_1_152' title='bbox 2180 2678 2267 2740; x_wconf 91' lang='lat' dir='ltr'><strong>ab</strong></span> <span class='ocrx_word' id='word_1_153' title='bbox 2304 2676 2559 2758; x_wconf 91' lang='lat' dir='ltr'><strong>angulo</strong></span> <span class='ocrx_word' id='word_1_154' title='bbox 2604 2696 2779 2760; x_wconf 92' lang='lat' dir='ltr'><strong>quo-</strong></span> 
     </span>
     <span class='ocr_line' id='line_1_26' title="bbox 876 2774 2777 2859; baseline 0.001 -20"><span class='ocrx_word' id='word_1_155' title='bbox 876 2776 1038 2841; x_wconf 89' lang='lat' dir='ltr'><strong>dam</strong></span> <span class='ocrx_word' id='word_1_156' title='bbox 1088 2776 1344 2841; x_wconf 89' lang='lat' dir='ltr'><strong>dicitur</strong></span> <span class='ocrx_word' id='word_1_157' title='bbox 1402 2774 1809 2859; x_wconf 77' lang='lat' dir='ltr'><strong>AngulariS,</strong></span> <span class='ocrx_word' id='word_1_158' title='bbox 1873 2776 2192 2839; x_wconf 90' lang='lat' dir='ltr'><strong>dominus</strong></span> <span class='ocrx_word' id='word_1_159' title='bbox 2253 2776 2659 2841; x_wconf 89' lang='lat' dir='ltr'><strong>Tancredus</strong></span> <span class='ocrx_word' id='word_1_160' title='bbox 2706 2784 2777 2840; x_wconf 88' lang='lat' dir='ltr'><strong>et</strong></span> 
     </span>
     <span class='ocr_line' id='line_1_27' title="bbox 879 2876 2777 2959; baseline 0.001 -20"><span class='ocrx_word' id='word_1_161' title='bbox 879 2876 999 2940; x_wconf 88' lang='lat' dir='ltr'><strong>alii</strong></span> <span class='ocrx_word' id='word_1_162' title='bbox 1053 2878 1333 2959; x_wconf 90' lang='lat' dir='ltr'><strong>quidam</strong></span> <span class='ocrx_word' id='word_1_163' title='bbox 1394 2896 1551 2940; x_wconf 90' lang='lat' dir='ltr'><strong>cum</strong></span> <span class='ocrx_word' id='word_1_164' title='bbox 1612 2896 1694 2940; x_wconf 92' lang='lat' dir='ltr'><strong>eo</strong></span> <span class='ocrx_word' id='word_1_165' title='bbox 1756 2876 2020 2940; x_wconf 87' lang='lat' dir='ltr'><strong>nobiles</strong></span> <span class='ocrx_word' id='word_1_166' title='bbox 2090 2876 2605 2940; x_wconf 87' lang='lat' dir='ltr'><strong>consederunt:</strong></span> <span class='ocrx_word' id='word_1_167' title='bbox 2688 2878 2777 2940; x_wconf 89' lang='lat' dir='ltr'><strong>ab</strong></span> 
     </span>
     <span class='ocr_line' id='line_1_28' title="bbox 879 2975 2776 3058; baseline 0 -19"><span class='ocrx_word' id='word_1_168' title='bbox 879 2976 1020 3040; x_wconf 90' lang='lat' dir='ltr'><strong>alia</strong></span> <span class='ocrx_word' id='word_1_169' title='bbox 1065 2983 1298 3040; x_wconf 88' lang='lat' dir='ltr'><strong>autem</strong></span> <span class='ocrx_word' id='word_1_170' title='bbox 1342 2976 1516 3040; x_wconf 88' lang='lat' dir='ltr'><strong>turri</strong></span> <span class='ocrx_word' id='word_1_171' title='bbox 1560 2995 1782 3058; x_wconf 89' lang='lat' dir='ltr'><strong>usque</strong></span> <span class='ocrx_word' id='word_1_172' title='bbox 1830 2975 1918 3039; x_wconf 90' lang='lat' dir='ltr'><strong>ad</strong></span> <span class='ocrx_word' id='word_1_173' title='bbox 1960 2984 2235 3058; x_wconf 90' lang='lat' dir='ltr'><strong>portam</strong></span> <span class='ocrx_word' id='word_1_174' title='bbox 2279 2976 2776 3041; x_wconf 87' lang='lat' dir='ltr'><strong>occidentalem</strong></span> 
     </span>
     <span class='ocr_line' id='line_1_29' title="bbox 878 3076 2777 3157; baseline -0.001 -17"><span class='ocrx_word' id='word_1_175' title='bbox 878 3096 1108 3141; x_wconf 89' lang='lat' dir='ltr'><strong>comes</strong></span> <span class='ocrx_word' id='word_1_176' title='bbox 1166 3076 1607 3141; x_wconf 86' lang='lat' dir='ltr'><strong>Tholosanus</strong></span> <span class='ocrx_word' id='word_1_177' title='bbox 1665 3095 1821 3140; x_wconf 90' lang='lat' dir='ltr'><strong>cum</strong></span> <span class='ocrx_word' id='word_1_178' title='bbox 1890 3076 2035 3139; x_wconf 90' lang='lat' dir='ltr'><strong>suis</strong></span> <span class='ocrx_word' id='word_1_179' title='bbox 2091 3076 2477 3157; x_wconf 85' lang='lat' dir='ltr'><strong>legionibus</strong></span> <span class='ocrx_word' id='word_1_180' title='bbox 2539 3079 2777 3141; x_wconf 91' lang='lat' dir='ltr'><strong>urbem</strong></span> 
     </span>
     <span class='ocr_line' id='line_1_30' title="bbox 879 3176 2779 3260; baseline 0 -20"><span class='ocrx_word' id='word_1_181' title='bbox 879 3177 1182 3256; x_wconf 79' lang='lat' dir='ltr'><strong>obsedit3</strong></span> <span class='ocrx_word' id='word_1_182' title='bbox 1218 3183 1486 3259; x_wconf 89' lang='lat' dir='ltr'><strong>partem</strong></span> <span class='ocrx_word' id='word_1_183' title='bbox 1517 3196 1798 3241; x_wconf 89' lang='lat' dir='ltr'><strong>suorum</strong></span> <span class='ocrx_word' id='word_1_184' title='bbox 1828 3176 2182 3257; x_wconf 84' lang='lat' dir='ltr'><strong>agminum</strong></span> <span class='ocrx_word' id='word_1_185' title='bbox 2212 3195 2421 3260; x_wconf 90' lang='lat' dir='ltr'><strong>super</strong></span> <span class='ocrx_word' id='word_1_186' title='bbox 2450 3180 2779 3255; x_wconf 84' lang='lat' dir='ltr'><strong>montem,</strong></span> 
     </span>
    </p>
   </div>
   <div class='ocr_carea' id='block_1_10' title="bbox 807 3276 2779 3360">
    <p class='ocr_par' dir='ltr' id='par_1_10' title="bbox 807 3276 2779 3360">
     <span class='ocr_line' id='line_1_31' title="bbox 807 3276 2779 3360; baseline 0.001 -20"><span class='ocrx_word' id='word_1_187' title='bbox 807 3312 812 3315; x_wconf 96' lang='lat'>·</span> <span class='ocrx_word' id='word_1_188' title='bbox 878 3283 950 3340; x_wconf 89' lang='lat' dir='ltr'><strong>et</strong></span> <span class='ocrx_word' id='word_1_189' title='bbox 996 3277 1070 3340; x_wconf 90' lang='lat' dir='ltr'><strong>in</strong></span> <span class='ocrx_word' id='word_1_190' title='bbox 1120 3282 1258 3360; x_wconf 86' lang='lat' dir='ltr'><strong>quo</strong></span> <span class='ocrx_word' id='word_1_191' title='bbox 1311 3276 1559 3341; x_wconf 89' lang='lat' dir='ltr'><strong>civitas</strong></span> <span class='ocrx_word' id='word_1_192' title='bbox 1595 3276 1955 3341; x_wconf 70' lang='lat' dir='ltr'><strong>&#39;aedificata</strong></span> <span class='ocrx_word' id='word_1_193' title='bbox 2012 3283 2143 3354; x_wconf 86' lang='lat' dir='ltr'><strong>est,</strong></span> <span class='ocrx_word' id='word_1_194' title='bbox 2199 3277 2380 3341; x_wconf 88' lang='lat' dir='ltr'><strong>inter</strong></span> <span class='ocrx_word' id='word_1_195' title='bbox 2422 3278 2663 3341; x_wconf 90' lang='lat' dir='ltr'><strong>urbem</strong></span> <span class='ocrx_word' id='word_1_196' title='bbox 2708 3286 2779 3342; x_wconf 88' lang='lat' dir='ltr'><strong>et</strong></span> 
     </span>
    </p>
   </div>
   <div class='ocr_carea' id='block_1_11' title="bbox 873 3376 2781 4243">
    <p class='ocr_par' dir='ltr' id='par_1_11' title="bbox 873 3376 2781 4243">
     <span class='ocr_line' id='line_1_32' title="bbox 878 3376 2778 3459; baseline 0.002 -20"><span class='ocrx_word' id='word_1_197' title='bbox 878 3376 1264 3454; x_wconf 89' lang='lat' dir='ltr'><strong>ecclesiam,</strong></span> <span class='ocrx_word' id='word_1_198' title='bbox 1321 3397 1479 3458; x_wconf 85' lang='lat' dir='ltr'><strong>quae</strong></span> <span class='ocrx_word' id='word_1_199' title='bbox 1531 3377 1785 3441; x_wconf 91' lang='lat' dir='ltr'><strong>dicitur</strong></span> <span class='ocrx_word' id='word_1_200' title='bbox 1836 3376 2027 3459; x_wconf 88' lang='lat' dir='ltr'><strong>Syon</strong></span> <span class='ocrx_word' id='word_1_201' title='bbox 2078 3383 2149 3441; x_wconf 90' lang='lat' dir='ltr'><strong>et</strong></span> <span class='ocrx_word' id='word_1_202' title='bbox 2202 3377 2291 3439; x_wconf 89' lang='lat' dir='ltr'><strong>ab</strong></span> <span class='ocrx_word' id='word_1_203' title='bbox 2342 3378 2512 3441; x_wconf 89' lang='lat' dir='ltr'><strong>urbe</strong></span> <span class='ocrx_word' id='word_1_204' title='bbox 2564 3378 2778 3442; x_wconf 89' lang='lat' dir='ltr'><strong>distat</strong></span> 
     </span>
     <span class='ocr_line' id='line_1_33' title="bbox 878 3475 2780 3561; baseline 0.002 -22"><span class='ocrx_word' id='word_1_205' title='bbox 878 3482 1215 3557; x_wconf 89' lang='lat' dir='ltr'><strong>quantum</strong></span> <span class='ocrx_word' id='word_1_206' title='bbox 1250 3495 1452 3541; x_wconf 88' lang='lat' dir='ltr'><strong>arcus</strong></span> <span class='ocrx_word' id='word_1_207' title='bbox 1486 3477 1697 3540; x_wconf 89' lang='lat' dir='ltr'><strong>semel</strong></span> <span class='ocrx_word' id='word_1_208' title='bbox 1721 3475 1959 3560; x_wconf 89' lang='lat' dir='ltr'><strong>jacere</strong></span> <span class='ocrx_word' id='word_1_209' title='bbox 1987 3483 2243 3559; x_wconf 88' lang='lat' dir='ltr'><strong>potest,</strong></span> <span class='ocrx_word' id='word_1_210' title='bbox 2276 3477 2348 3539; x_wconf 89' lang='lat' dir='ltr'><strong>in</strong></span> <span class='ocrx_word' id='word_1_211' title='bbox 2376 3478 2590 3559; x_wconf 82' lang='lat' dir='ltr'><strong>plaga</strong></span> <span class='ocrx_word' id='word_1_212' title='bbox 2618 3498 2780 3561; x_wconf 91' lang='lat' dir='ltr'><strong>sep-</strong></span> 
     </span>
     <span class='ocr_line' id='line_1_34' title="bbox 879 3576 2778 3662; baseline 0.002 -23"><span class='ocrx_word' id='word_1_213' title='bbox 879 3576 1278 3639; x_wconf 88' lang='lat' dir='ltr'><strong>tentrionali</strong></span> <span class='ocrx_word' id='word_1_214' title='bbox 1322 3576 1605 3641; x_wconf 84' lang='lat' dir='ltr'><strong>locavit.</strong></span> <span class='ocrx_word' id='word_1_215' title='bbox 1715 3576 1789 3639; x_wconf 88' lang='lat' dir='ltr'><strong>Is</strong></span> <span class='ocrx_word' id='word_1_216' title='bbox 1842 3578 2025 3640; x_wconf 87' lang='lat' dir='ltr'><strong>enim</strong></span> <span class='ocrx_word' id='word_1_217' title='bbox 2066 3577 2261 3640; x_wconf 90' lang='lat' dir='ltr'><strong>locus</strong></span> <span class='ocrx_word' id='word_1_218' title='bbox 2306 3585 2479 3654; x_wconf 88' lang='lat' dir='ltr'><strong>erat,</strong></span> <span class='ocrx_word' id='word_1_219' title='bbox 2518 3577 2592 3640; x_wconf 86' lang='lat' dir='ltr'><strong>in</strong></span> <span class='ocrx_word' id='word_1_220' title='bbox 2636 3598 2778 3662; x_wconf 91' lang='lat' dir='ltr'><strong>quo</strong></span> 
     </span>
     <span class='ocr_line' id='line_1_35' title="bbox 877 3674 2781 3759; baseline 0.002 -20"><span class='ocrx_word' id='word_1_221' title='bbox 877 3674 1205 3741; x_wconf 85' lang='lat' dir='ltr'><strong>Salvator</strong></span> <span class='ocrx_word' id='word_1_222' title='bbox 1257 3696 1412 3741; x_wconf 92' lang='lat' dir='ltr'><strong>cum</strong></span> <span class='ocrx_word' id='word_1_223' title='bbox 1483 3676 1840 3759; x_wconf 90' lang='lat' dir='ltr'><strong>discipulis</strong></span> <span class='ocrx_word' id='word_1_224' title='bbox 1921 3696 2233 3741; x_wconf 89' lang='lat' dir='ltr'><strong>coenasse</strong></span> <span class='ocrx_word' id='word_1_225' title='bbox 2308 3677 2643 3741; x_wconf 83' lang='lat' dir='ltr'><strong>asseritur</strong></span> <span class='ocrx_word' id='word_1_226' title='bbox 2676 3681 2781 3743; x_wconf 75' lang='lat' dir='ltr'><strong>&#39;et</strong></span> 
     </span>
     <span class='ocr_line' id='line_1_36' title="bbox 877 3775 2777 3859; baseline 0.002 -20"><span class='ocrx_word' id='word_1_227' title='bbox 877 3796 1114 3839; x_wconf 87' lang='lat' dir='ltr'><strong>eorum</strong></span> <span class='ocrx_word' id='word_1_228' title='bbox 1150 3776 1358 3859; x_wconf 86' lang='lat' dir='ltr'><strong>pedes</strong></span> <span class='ocrx_word' id='word_1_229' title='bbox 1403 3776 1697 3855; x_wconf 87' lang='lat' dir='ltr'><strong>lavisse3</strong></span> <span class='ocrx_word' id='word_1_230' title='bbox 1745 3776 1843 3840; x_wconf 92' lang='lat' dir='ltr'><strong>ibi</strong></span> <span class='ocrx_word' id='word_1_231' title='bbox 1889 3777 2097 3841; x_wconf 91' lang='lat' dir='ltr'><strong>etiam</strong></span> <span class='ocrx_word' id='word_1_232' title='bbox 2130 3775 2431 3859; x_wconf 90' lang='lat' dir='ltr'><strong>Spiritus</strong></span> <span class='ocrx_word' id='word_1_233' title='bbox 2475 3777 2777 3843; x_wconf 90' lang='lat' dir='ltr'><strong>Sanctus</strong></span> 
     </span>
     <span class='ocr_line' id='line_1_37' title="bbox 876 3876 2777 3960; baseline 0.002 -23"><span class='ocrx_word' id='word_1_234' title='bbox 876 3894 1086 3958; x_wconf 86' lang='lat' dir='ltr'><strong>super</strong></span> <span class='ocrx_word' id='word_1_235' title='bbox 1128 3876 1502 3960; x_wconf 86' lang='lat' dir='ltr'><strong>discipulos</strong></span> <span class='ocrx_word' id='word_1_236' title='bbox 1554 3876 1908 3941; x_wconf 87' lang='lat' dir='ltr'><strong>descendit</strong></span> <span class='ocrx_word' id='word_1_237' title='bbox 1958 3878 2031 3940; x_wconf 92' lang='lat' dir='ltr'><strong>in</strong></span> <span class='ocrx_word' id='word_1_238' title='bbox 2081 3877 2306 3959; x_wconf 79' lang='lat' dir='ltr'><strong>igneis</strong></span> <span class='ocrx_word' id='word_1_239' title='bbox 2355 3877 2637 3959; x_wconf 84' lang='lat' dir='ltr'><strong>linguiS,</strong></span> <span class='ocrx_word' id='word_1_240' title='bbox 2682 3879 2777 3943; x_wconf 90' lang='lat' dir='ltr'><strong>ibi</strong></span> 
     </span>
     <span class='ocr_line' id='line_1_38' title="bbox 877 3974 2779 4057; baseline 0.004 -20"><span class='ocrx_word' id='word_1_241' title='bbox 877 3974 1014 4037; x_wconf 90' lang='lat' dir='ltr'><strong>Dei</strong></span> <span class='ocrx_word' id='word_1_242' title='bbox 1059 3977 1366 4057; x_wconf 83' lang='lat' dir='ltr'><strong>genitrix</strong></span> <span class='ocrx_word' id='word_1_243' title='bbox 1415 3977 1739 4042; x_wconf 82' lang='lat' dir='ltr'><strong>humanae</strong></span> <span class='ocrx_word' id='word_1_244' title='bbox 1784 3984 2052 4041; x_wconf 87' lang='lat' dir='ltr'><strong>naturae</strong></span> <span class='ocrx_word' id='word_1_245' title='bbox 2091 3976 2396 4041; x_wconf 91' lang='lat' dir='ltr'><strong>debitum</strong></span> <span class='ocrx_word' id='word_1_246' title='bbox 2442 3979 2675 4056; x_wconf 87' lang='lat' dir='ltr'><strong>solvit,</strong></span> <span class='ocrx_word' id='word_1_247' title='bbox 2709 3986 2779 4044; x_wconf 92' lang='lat' dir='ltr'><strong>et</strong></span> 
     </span>
     <span class='ocr_line' id='line_1_39' title="bbox 873 4074 2779 4162; baseline 0.003 -24"><span class='ocrx_word' id='word_1_248' title='bbox 873 4075 1063 4138; x_wconf 89' lang='lat' dir='ltr'><strong>beati</strong></span> <span class='ocrx_word' id='word_1_249' title='bbox 1109 4074 1445 4159; x_wconf 89' lang='lat' dir='ltr'><strong>Stephani</strong></span> <span class='ocrx_word' id='word_1_250' title='bbox 1487 4078 2017 4161; x_wconf 87' lang='lat' dir='ltr'><strong>protomartyris</strong></span> <span class='ocrx_word' id='word_1_251' title='bbox 2064 4078 2500 4161; x_wconf 88' lang='lat' dir='ltr'><strong>sepulchrum</strong></span> <span class='ocrx_word' id='word_1_252' title='bbox 2557 4098 2779 4162; x_wconf 89' lang='lat' dir='ltr'><strong>usque</strong></span> 
     </span>
     <span class='ocr_line' id='line_1_40' title="bbox 875 4174 1785 4243; baseline 0.004 -6"><span class='ocrx_word' id='word_1_253' title='bbox 875 4174 1078 4239; x_wconf 90' lang='lat' dir='ltr'><strong>hodie</strong></span> <span class='ocrx_word' id='word_1_254' title='bbox 1110 4175 1362 4241; x_wconf 88' lang='lat' dir='ltr'><strong>ibidem</strong></span> <span class='ocrx_word' id='word_1_255' title='bbox 1390 4182 1785 4243; x_wconf 85' lang='lat' dir='ltr'><strong>veneratur.</strong></span> 
     </span>
    </p>
   </div>
   <div class='ocr_carea' id='block_1_12' title="bbox 3068 4010 3071 5027">
    <p class='ocr_par' dir='ltr' id='par_1_12' title="bbox 3068 4010 3071 5027">
     <span class='ocr_line' id='line_1_41' title="bbox 3068 4010 3071 5027; baseline 0 0"><span class='ocrx_word' id='word_1_256' title='bbox 3068 4010 3071 5027; x_wconf 95' lang='lat' dir='ltr'><strong> </strong></span> 
     </span>
    </p>
   </div>
  </div>
 </body>
</html>
