3108 5059
831 441 964 508 362
1341 457 1612 506 nocam
1661 458 1755 506 nr.
1800 455 2213 508 wennoven

513 634 566 673 A.
573 632 627 672 n.
647 630 760 672 uu
838 615 1068 682 laetale
1107 610 1394 682 ¹v'ulnus
1436 615 1698 698 recepit
1732 615 1805 680 in
1837 615 1961 682 illa
1996 615 2307 698 corporis
2336 623 2562 700 parte,
2572 624 2741 700 Qqua

513 683 751 776 Boekettol

836 716 972 782 olei
1015 717 1196 784 sacri
1237 717 1542 800 perfusio
1578 715 1948 799 specialius
1990 715 2187 782 illum
2226 716 2534 784 Domino
2576 737 2737 782 con·
2765 802 2771 805 μ

835 825 1261 884 scotaverat·
1243 865 1264 897 ‚
1309 837 1437 882 nec
1469 817 1647 882 satis
1679 815 1813 884 fuit
1846 816 1947 882 eis
1980 816 2321 899 sanguine
2353 818 2737 885 sacerdotis

835 923 908 981 et
957 936 1126 984 nece
1175 917 1536 984 ecclesiam
1587 915 1957 1000 profanare
2006 923 2081 982 et
2126 916 2305 984 diem
2350 918 2738 984 sacratissi-

834 1035 1025 1082 mum
1055 1018 1421 1096 incestare,
1453 1017 1612 1095 nisi,
1646 1021 1907 1082 corona
1936 1016 2187 1099 capitis
2218 1024 2607 1100 amputata,
2634 1017 2737 1082 fu·

835 1116 1054 1182 nestis
1085 1117 1336 1200 gladiis
1366 1117 1516 1201 jam
1557 1115 1864 1182 defuncti
1902 1115 2235 1198 ejicerent
2276 1119 2629 1183 cerebrum
2664 1124 2739 1182 et

832 1216 1305 1300 pavimentum
1337 1216 1809 1284 crudelissime
1839 1223 2249 1299 spargerent
2278 1237 2439 1284 cum
2464 1237 2734 1284 cruore.

894 1381 1078 1459 Quod
1102 1381 1344 1451 lictores
1375 1379 1536 1448 boati
1563 1381 1866 1468 martyris
1891 1381 2093 1470 spolia
2122 1390 2487 1470 rapueram,
2517 1391 2575 1450 et
2606 1383 2683 1452 de

1373 1482 1506 1570 ejus
1536 1483 1841 1569 martyr-ii
1866 1483 2188 1572 diynitate.

933 1606 1311 1672 Translato
1353 1607 1444 1672 ad
1491 1606 1799 1674 caelestia
1844 1613 2149 1690 martyre
2204 1605 2532 1690 glorioso,
2578 1598 2736 1670 ’ne-

834 1707 1025 1772 fandi
1055 1708 1334 1774 lictores
1367 1725 1526 1772 cum
1561 1708 1707 1772 suis
1748 1707 2200 1791 complicibus
2233 1706 2732 1790 supellectilem

833 1808 1159 1894 martyris
1211 1815 1284 1873 et
1333 1808 1739 1874 clericorum
1781 1807 1934 1892 ejus
1978 1814 2209 1874 vestes
2258 1813 2342 1897 et·
2382 1807 2733 1872 ministro-

831 1927 986 1973 rum
1043 1907 1470 1976 officinarum
1531 1908 1837 1974 omnium
1904 1907 2227 1972 utensilia
2280 1905 2557 1989 penitus
2616 1925 2732 1970 ra-

831 2015 1155 2090 puerunt.
1258 2007 1532 2096 Corpus
1574 2016 1809 2073 autem
1860 2007 2396 2085 sanctissimum,
2428 2005 2613 2090 quod
2658 2007 2733 2070 in

832 2108 1140 2174 ecclesiae
1185 2107 1512 2174 decubuit
1553 2107 1977 2191 pavimento,
2029 2114 2193 2172 ante
2240 2106 2469 2190 majus
2508 2107 2735 2172 altare

831 2215 941 2272 est
987 2210 1118 2273 sub
1165 2208 1386 2291 ipsius
1437 2208 1575 2272 diei
1628 2207 2036 2292 crepusculo
2092 2206 2554 2290 deportatum,
2612 2207 2735 2272 ubi

830 2307 1018 2390 quod
1067 2308 1262 2391 prius
1305 2309 1394 2373 ad
1442 2307 1766 2374 notitiam
1820 2307 2034 2372 solius
2078 2306 2485 2374 cubicularii
2524 2307 2734 2372 deve·-

831 2415 1052 2485 nerat,
1099 2407 1534 2474 adstantibus
1584 2415 1750 2474 tunc
1790 2409 2059 2476 cunctis
2108 2407 2298 2474 venit
2338 2406 2414 2470 in
2462 2406 2729 2487 lucem;

829 2507 993 2574 licet
1039 2509 1220 2575 enim
1273 2509 1833 2594 archiepiscopus
1886 2507 2195 2575 habitum
2251 2507 2732 2587 monachilem,

829 2628 1034 2691 quem
1071 2629 1116 2674 a
1148 2616 1459 2694 tempore
1500 2629 1649 2677 suae
1691 2607 2145 2693 promotionis
2182 2608 2455 2673 occulte
2494 2616 2734 2691 porta„

828 2716 1051 2788 verat,
1109 2708 1353 2775 habitu
1414 2710 1804 2776 canonicali
1868 2708 2394 2793 suppressisset,
2454 2727 2731 2773 carnem

830 2815 1063 2873 tamen
1103 2810 1327 2878 cilicio
1360 2810 1670 2877 attritam
1706 2829 1867 2875 cum
1907 2808 2384 2875 foemoralibus
2416 2808 2732 2889 cilicinis,

829 2908 1013 2991 quod
1068 2909 1295 2974 fuerat
1339 2928 1384 2973 a
1435 2910 1689 2975 seculis
1739 2908 2153 2986 inauditum,
2204 2927 2481 2973 carnem
2530 2928 2731 2973 cura·-

830 3015 1030 3073 verat
1059 3010 1422 3090 edomare;
1469 3017 1564 3089 et,
1597 3017 1675 3073 ut
1712 3009 1953 3093 aliqua
1984 3008 2287 3074 breviter
2310 3008 2732 3091 perstringa-

829 3127 982 3173 mus
1029 3128 1186 3192 quae
1230 3116 1674 3187 concurrunt,
1718 3108 1829 3174 die
1870 3108 2125 3174 Martis
2173 3106 2729 3192 archiepiscopus

829 3208 1015 3292 apud
1065 3208 1697 3292 Northamptonam
1736 3227 1780 3273 a
1824 3210 2015 3276 curia
2053 3207 2237 3291 regis
2276 3208 2587 3287 recessit,
2620 3207 2732 3273 die

831 3308 1086 3373 Martis
1131 3311 1416 3375 recessit
1449 3311 1536 3374 ab
1570 3307 1833 3391 Anglia
1878 3309 2162 3375 exilium
2206 3309 2584 3387 subiturus,
2618 3309 2729 3373 die

831 3408 1085 3473 Martis
1127 3418 1476 3493 praecepto
1521 3408 1781 3473 domini
1826 3428 2028 3493 papae
2070 3416 2425 3474 revertens
2468 3409 2542 3473 in
2575 3406 2728 3473 An-

829 3509 1042 3590 gliam
1087 3515 1196 3573 est
1233 3510 1594 3593 appulsae,
1636 3516 1708 3574 et
1749 3509 1861 3573 die
1897 3510 2150 3575 Martis
2188 3509 2523 3593 martyrio
2562 3529 2727 3575 con-

829 3616 1236 3675 summatus,
1341 3610 1689 3693 Sequente
1728 3629 1894 3675 vero
1939 3610 2049 3675 die
2096 3608 2426 3675 Mercurii
2460 3629 2729 3675 summo

827 3709 1131 3775 diluculo
1166 3730 1400 3775 rumor
1439 3710 1805 3788 increbuit,
1836 3708 2025 3792 quod
2058 3708 2335 3773 nefandi
2371 3710 2729 3775 carnifices

825 3830 1076 3893 corpus
1121 3810 1621 3894 archiepiscopi
1658 3810 2059 3875 abstrahere
2102 3810 2190 3873 ab
2235 3809 2529 3875 ecclesia
2570 3829 2730 3875 con-

877 3976 893 4007 ¹
906 3980 1093 4029 Vulnus
1112 3982 1341 4045 recepit]
1363 3981 1379 4009 4
1400 3981 1635 4033 Quatuor
1648 3996 1755 4029 om·
1874 3979 2136 4039 'Nefandi
2169 3974 2453 4049 lictor-esst]
2477 3980 2730 4029 Robertus

827 4048 880 4096 ni
863 4064 947 4096 mo
973 4049 1154 4098 habuit
1183 4052 1318 4099 ictus
1352 4056 1559 4101 sanctus
1592 4052 1755 4101 archi·
1800 4050 1866 4099 de
1884 4051 2017 4100 Broc
2030 4055 2083 4100 et
2098 4050 2180 4101 sui
2195 4048 2505 4112 complices,
2518 4049 2732 4113 Diceto3

825 4119 1119 4183 episcopus,
1153 4134 1325 4171 omnes
1363 4122 1416 4169 in
1459 4122 1660 4185 eapite3
1702 4126 1756 4171 et
1802 4120 1929 4171 from
1952 4122 2119 4171 whom
2140 4119 2225 4170 the
2248 4125 2466 4169 account
2486 4119 2546 4169 of
2564 4121 2736 4171 Beck·

830 4202 1014 4237 corona
1051 4190 1234 4252 capitis
1267 4196 1372 4240 tota
1407 4193 1456 4240 ei
1488 4197 1754 4255 amputata
1801 4186 1865 4240 et‘
1868 4205 1893 4241 s
1916 4191 2110 4241 death
2096 4206 2141 4242 is
2164 4190 2319 4241 taken
2349 4190 2532 4241 almost
2553 4194 2735 4242 verba-

830 4254 954 4319 est3'
973 4259 1213 4322 stephan.
1236 4276 1290 4322 p.
1315 4266 1396 4310 87.
1801 4262 1909 4313 tim.
