3108 5059
879 459 1011 524 284
1397 475 1669 524 uocum
1726 477 1819 523 nn
1871 476 2279 524 wnunovna

558 649 806 690 lim-11⁵⁶-
877 639 950 696 et
982 633 1086 696 sic
1128 633 1311 696 inter
1345 643 1467 696 eos
1503 632 1850 696 discordia
1884 640 1991 696 est
2030 633 2261 715 sopita
2296 652 2533 698 mense
2565 631 2612 696 J
2618 632 2792 697 ulio.

882 731 1146 795 Eodem
1205 750 1388 795 anuo
1453 751 1581 794 rex
1654 730 1911 796 Siciliae
1970 732 2367 796 willelmus
2432 732 2791 797 civitatem

881 831 1147 894 Barum
1194 831 1510 896 funditus
1549 831 1826 908 evertit,
1868 830 2153 896 Graecos
2198 833 2579 914 superavit,
2623 833 2797 896 civi-

882 937 1063 994 tates
1097 937 1172 994 et
1200 930 1490 994 castella
1521 931 1658 996 sibi
1685 931 1879 1012 prius
1926 931 2163 995 ablata
2193 933 2265 994 in
2288 932 2411 1016 jus
2454 952 2659 996 suum
2687 953 2793 996 re—

881 1031 1185 1106 vocavit,
1217 1050 1373 1094 cum
1425 1049 1613 1112 papa
1664 1028 1981 1094 Adriano
2024 1050 2266 1112 pacem
2312 1031 2501 1109 fecit,
2542 1051 2789 1096 conse-

879 1130 1226 1193 crationes
1267 1130 1751 1212 episcoporum
1803 1131 2002 1212 regni
2050 1131 2159 1194 sui
2205 1131 2269 1194 ei
2321 1131 2787 1197 concedendo.

871 1229 1080 1292 Tunc
1115 1227 1424 1304 Alienor,
1461 1229 1703 1310 regina
1727 1226 2141 1310 Anglorum,
2170 1231 2443 1313 peperit
2474 1231 2624 1314 regi
2651 1230 2783 1292 fili-

877 1347 1016 1405 am,
1050 1347 1257 1410 quam
1298 1321 1699 1392 ¹Matildem
1732 1330 2183 1412 nuncupavit.

907 1506 1008 1572 De
1018 1503 1392 1592 presbytero,
1426 1503 1538 1592 qui
1565 1502 1874 1571 castitatis
1900 1526 2108 1570 amore
2132 1501 2397 1590 seipsum
2427 1505 2751 1569 castravit.

985 1630 1190 1695 Circa
1213 1633 1360 1696 dies
1392 1633 1566 1696 istos
1595 1631 1931 1696 heremita
1960 1631 2266 1714 quidam,
2290 1631 2395 1694 vir
2428 1628 2788 1693 modestus

882 1739 954 1794 et
998 1740 1310 1810 sanctuS,
1345 1733 1416 1796 in
1461 1731 1805 1795 Hibernia
1848 1751 1987 1795 non
2035 1731 2243 1811 louge
2276 1749 2319 1792 a
2350 1729 2786 1811 purgatorie,

881 1832 968 1896 de
996 1851 1135 1914 quo
1171 1832 1644 1915 supradictum
1680 1838 1811 1908 est,
1846 1832 1919 1894 in
1966 1831 2119 1894 loco
2152 1829 2426 1894 deserto
2458 1828 2789 1911 degebat,

883 1932 954 1994 in
1003 1931 1204 2015 cujus
1248 1932 1450 1996 horto
1496 1931 1686 1995 omni
1730 1931 1872 1994 fere
1912 1937 2115 1994 nocte
2158 1930 2507 1993 daemones
2545 1929 2787 1992 visibi-

881 2031 1041 2095 liter
1083 2039 1578 2108 convenerunt,
1622 2039 1692 2094 et
1738 2030 1975 2094 statim
2030 2040 2189 2112 post
2238 2029 2406 2094 solis
2458 2046 2778 2093 occasum

881 2131 1290 2213 congregati
1320 2130 1653 2213 placitum
1680 2130 1777 2194 ibi
1804 2136 2203 2207 tenuerunt,
2222 2136 2387 2192 ante
2418 2128 2587 2191 solis
2619 2128 2783 2192 inde

884 2237 1112 2293 ortum
1168 2230 1567 2294 recedentes
1601 2250 1619 2310 ;
1683 2231 2019 2294 rationem
2073 2247 2353 2312 quoque
2394 2227 2491 2290 ibi
2540 2227 2785 2291 redde-

883 2330 1054 2392 bant
1100 2329 1446 2415 daemones
1492 2330 1787 2416 principi
1835 2328 2377 2420 daemoniorum,
2404 2327 2570 2410 quid
2614 2327 2781 2391 mali

885 2428 1174 2493 fecerint
1223 2429 1294 2494 in
1346 2427 1739 2494 hominibus
1790 2427 2232 2511 decipiendis,
2278 2447 2573 2511 quorum
2617 2446 2780 2491 con-

883 2528 1347 2595 fabulationes
1387 2529 1659 2595 audivit
1690 2531 1798 2593 vir
1838 2537 2125 2595 sanctus
2166 2527 2528 2593 manifeste
2556 2534 2629 2592 et
2663 2547 2783 2592 eo-

885 2648 1036 2693 rum
1083 2630 1344 2712 figuras
1384 2629 1725 2695 deformes
1774 2630 2138 2693 visibiliter
2188 2628 2585 2710 conspexit.
2663 2626 2780 2692 Ad

884 2730 1138 2793 ostium
1173 2729 1440 2794 cellulae
1471 2732 1625 2814 eJus
1658 2730 2102 2804 conveniunt,
2130 2729 2277 2804 sed,
2313 2728 2641 2811 quoniam
2670 2729 2779 2791 in·

885 2836 1072 2892 trare
1116 2849 1256 2893 non
1291 2838 1611 2911 possunt,
1652 2828 1875 2893 nudas
1922 2828 2025 2892 illi
2071 2847 2258 2910 saepe
2296 2827 2619 2893 mulieres
2663 2848 2777 2891 os-

884 2927 1220 3008 tendunt3
1267 2929 1504 3011 sicque
1529 2930 1613 2993 fit
1638 2936 1720 2993 ut
1752 2928 2089 2993 heremita
2115 2928 2260 3006 ille,
2288 2947 2413 3010 per
2444 2927 2781 2991 confabu-

883 3027 1178 3092 lationes
1227 3047 1489 3107 eorum,
1540 3030 1756 3093 vitam
1809 3029 1999 3095 illius
2049 3028 2354 3109 regionis
2402 3028 2777 3093 multorum

882 3125 1236 3192 hominum
1282 3136 1681 3211 cognoscat.
1752 3128 1925 3193 Erat
1970 3135 2205 3193 autem
2259 3128 2332 3191 in
2378 3128 2610 3211 patria
2652 3128 2781 3193 illa

883 3227 1205 3292 sacerdos
1254 3228 1533 3311 quidam
1598 3236 1859 3294 sanctae
1920 3228 2085 3293 vitae
2142 3234 2212 3291 et
2266 3227 2604 3305 honestae,
2653 3230 2777 3310 qui

883 3326 1279 3408 parochiam
1341 3329 1651 3410 regebat,
1713 3328 1911 3412 cujus
1962 3325 2387 3393 consuetudo
2451 3327 2641 3405 talis,
2700 3336 2783 3393 ut

881 3427 1187 3508 quotidie
1248 3446 1451 3491 mane
1515 3446 1808 3509 surgens
1860 3426 2333 3492 coemeterium
2386 3426 2783 3493 circumiret

879 3532 952 3589 et
1005 3546 1132 3608 pro
1188 3526 1549 3590 animabus
1611 3528 1941 3605 omnium,
1988 3545 2281 3609 quorum
2338 3526 2435 3590 ibi
2486 3545 2783 3610 corpora

879 3626 1350 3707 quiescebant,
1405 3633 1672 3708 septem
1721 3627 2026 3709 psalmos
2077 3627 2371 3691 devotus
2414 3634 2783 3708 cantaret;

880 3733 1070 3789 caste
1131 3733 1467 3808 praeterea
1519 3726 1733 3802 vixit,
1798 3732 1870 3791 et
1929 3727 2129 3790 bonis
2185 3726 2510 3808 operibus
2564 3735 2780 3810 atque

877 3833 1140 3891 sanctae
1162 3825 1495 3890 doctrinae
1523 3826 1819 3889 sollicite
1840 3826 2142 3890 studium
2176 3824 2539 3908 impendit.
2610 3828 2781 3892 Dae-

876 3944 1114 3989 mones
1144 3945 1308 3989 vero
1348 3927 1419 3989 in
1464 3924 1756 3989 concilio
1804 3945 1932 3990 suo
1976 3926 2380 3991 multotiens
2414 3929 2781 4009 conquesti

876 4030 1044 4087 sunt
1078 4023 1164 4088 de
1197 4045 1305 4102 eo,
1332 4026 1514 4107 quod
1550 4025 1782 4088 nullus
1814 4045 2051 4115 eorum
2086 4045 2129 4091 a
2160 4025 2518 4109 proposito
2547 4027 2781 4109 ipsum

945 4196 1237 4248 ¹Matildem
1255 4200 1300 4263 ,·]
1335 4200 1636 4251 afterwards
1667 4216 1795 4249 mar-
1845 4202 1929 4249 the
1967 4201 2114 4263 Lion,
2154 4201 2295 4250 duke
2332 4201 2392 4249 of
2428 4202 2636 4269 Saxony
2670 4208 2775 4257 and

871 4269 981 4319 ried
1005 4273 1059 4318 to
1083 4269 1259 4330 Henry
1274 4270 1359 4319 the
1381 4270 1511 4333 fifth,
1525 4272 1794 4321 sumasned
1846 4271 2100 4332 Βαναίας
2133 4271 2225 4321 she
2246 4271 2367 4321 died
2388 4272 2441 4320 in
2466 4276 2619 4325 1189.
