<?xml version="1.0" encoding="UTF-8"?>
<!DOCTYPE html PUBLIC "-//W3C//DTD XHTML 1.0 Transitional//EN"
    "http://www.w3.org/TR/xhtml1/DTD/xhtml1-transitional.dtd">
<html xmlns="http://www.w3.org/1999/xhtml" xml:lang="en" lang="en">
 <head>
  <title>
</title>
<meta http-equiv="Content-Type" content="text/html;charset=utf-8" />
  <meta name='ocr-system' content='tesseract 3.04.00' />
  <meta name='ocr-capabilities' content='ocr_page ocr_carea ocr_par ocr_line ocrx_word'/>
</head>
<body>
  <div class='ocr_page' id='page_1' title='image "./rogeridewendove00coxegoog_0382.png"; bbox 0 0 3108 5059; ppageno 0'>
   <div class='ocr_carea' id='block_1_1' title="bbox 823 497 2204 562">
    <p class='ocr_par' dir='ltr' id='par_1_1' title="bbox 823 497 2204 562">
     <span class='ocr_line' id='line_1_1' title="bbox 823 497 2204 562; baseline -0.002 -1"><span class='ocrx_word' id='word_1_1' title='bbox 823 497 957 562; x_wconf 83' lang='lat'><strong>374</strong></span> <span class='ocrx_word' id='word_1_2' title='bbox 1324 513 1596 562; x_wconf 72' lang='lat' dir='ltr'><strong>ucesiu</strong></span> <span class='ocrx_word' id='word_1_3' title='bbox 1645 513 1739 561; x_wconf 75' lang='lat' dir='ltr'><strong>nn</strong></span> <span class='ocrx_word' id='word_1_4' title='bbox 1786 509 2204 562; x_wconf 66' lang='lat' dir='ltr'><strong>wnnnovnn</strong></span> 
     </span>
    </p>
   </div>
   <div class='ocr_carea' id='block_1_2' title="bbox 500 669 2825 3864">
    <p class='ocr_par' dir='ltr' id='par_1_2' title="bbox 500 669 2825 3864">
     <span class='ocr_line' id='line_1_2' title="bbox 500 669 2729 756; baseline -0.004 -15"><span class='ocrx_word' id='word_1_5' title='bbox 500 701 614 742; x_wconf 64' lang='lat' dir='ltr'><strong>m).</strong></span> <span class='ocrx_word' id='word_1_6' title='bbox 637 697 749 740; x_wconf 74' lang='lat' dir='ltr'><strong>nn.</strong></span> <span class='ocrx_word' id='word_1_7' title='bbox 825 689 1035 756; x_wconf 89' lang='lat' dir='ltr'><strong>quam</strong></span> <span class='ocrx_word' id='word_1_8' title='bbox 1067 671 1402 755; x_wconf 89' lang='lat' dir='ltr'><strong>peditum,</strong></span> <span class='ocrx_word' id='word_1_9' title='bbox 1430 671 1731 755; x_wconf 89' lang='lat' dir='ltr'><strong>plurima</strong></span> <span class='ocrx_word' id='word_1_10' title='bbox 1772 672 1907 736; x_wconf 88' lang='lat' dir='ltr'><strong>sibi</strong></span> <span class='ocrx_word' id='word_1_11' title='bbox 1948 669 2377 752; x_wconf 83' lang='lat' dir='ltr'><strong>suffragante</strong></span> <span class='ocrx_word' id='word_1_12' title='bbox 2420 669 2729 746; x_wconf 85' lang='lat' dir='ltr'><strong>caterva,</strong></span> 
     </span>
     <span class='ocr_line' id='line_1_3' title="bbox 827 769 2728 854; baseline -0.003 -16"><span class='ocrx_word' id='word_1_13' title='bbox 827 791 1042 838; x_wconf 84' lang='lat' dir='ltr'><strong>naves</strong></span> <span class='ocrx_word' id='word_1_14' title='bbox 1083 770 1421 850; x_wconf 87' lang='lat' dir='ltr'><strong>ascendit,</strong></span> <span class='ocrx_word' id='word_1_15' title='bbox 1470 779 1565 849; x_wconf 90' lang='lat' dir='ltr'><strong>et,</strong></span> <span class='ocrx_word' id='word_1_16' title='bbox 1601 771 1775 838; x_wconf 85' lang='lat' dir='ltr'><strong>velis</strong></span> <span class='ocrx_word' id='word_1_17' title='bbox 1820 772 1897 836; x_wconf 91' lang='lat' dir='ltr'><strong>in</strong></span> <span class='ocrx_word' id='word_1_18' title='bbox 1940 771 2160 836; x_wconf 87' lang='lat' dir='ltr'><strong>altum</strong></span> <span class='ocrx_word' id='word_1_19' title='bbox 2210 769 2564 854; x_wconf 62' lang='lat' dir='ltr'><strong>expansis»,</strong></span> <span class='ocrx_word' id='word_1_20' title='bbox 2600 787 2728 852; x_wconf 86' lang='lat' dir='ltr'><strong>ap-</strong></span> 
     </span>
     <span class='ocr_line' id='line_1_4' title="bbox 829 867 2729 956; baseline -0.003 -18"><span class='ocrx_word' id='word_1_21' title='bbox 829 871 1076 956; x_wconf 82' lang='lat' dir='ltr'><strong>plicuit</strong></span> <span class='ocrx_word' id='word_1_22' title='bbox 1115 872 1188 937; x_wconf 89' lang='lat' dir='ltr'><strong>in</strong></span> <span class='ocrx_word' id='word_1_23' title='bbox 1235 870 1601 936; x_wconf 81' lang='lat' dir='ltr'><strong>Suthfolca</strong></span> <span class='ocrx_word' id='word_1_24' title='bbox 1641 872 1827 956; x_wconf 89' lang='lat' dir='ltr'><strong>apud</strong></span> <span class='ocrx_word' id='word_1_25' title='bbox 1857 871 2307 938; x_wconf 86' lang='lat' dir='ltr'><strong>Waletunam</strong></span> <span class='ocrx_word' id='word_1_26' title='bbox 2348 869 2559 935; x_wconf 86' lang='lat' dir='ltr'><strong>tertio</strong></span> <span class='ocrx_word' id='word_1_27' title='bbox 2598 867 2729 932; x_wconf 85' lang='lat' dir='ltr'><strong>ka·</strong></span> 
     </span>
     <span class='ocr_line' id='line_1_5' title="bbox 831 969 2732 1056; baseline -0.002 -19"><span class='ocrx_word' id='word_1_28' title='bbox 831 971 1078 1038; x_wconf 90' lang='lat' dir='ltr'><strong>lendas</strong></span> <span class='ocrx_word' id='word_1_29' title='bbox 1140 972 1490 1050; x_wconf 89' lang='lat' dir='ltr'><strong>Octobris,</strong></span> <span class='ocrx_word' id='word_1_30' title='bbox 1552 973 1677 1056; x_wconf 86' lang='lat' dir='ltr'><strong>qui</strong></span> <span class='ocrx_word' id='word_1_31' title='bbox 1739 972 2035 1038; x_wconf 81' lang='lat' dir='ltr'><strong>navibus</strong></span> <span class='ocrx_word' id='word_1_32' title='bbox 2087 991 2247 1036; x_wconf 87' lang='lat' dir='ltr'><strong>cum</strong></span> <span class='ocrx_word' id='word_1_33' title='bbox 2290 969 2732 1036; x_wconf 80' lang='lat' dir='ltr'><strong>festinatione</strong></span> 
     </span>
     <span class='ocr_line' id='line_1_6' title="bbox 831 1069 2729 1157; baseline -0.002 -20"><span class='ocrx_word' id='word_1_34' title='bbox 831 1091 1155 1155; x_wconf 88' lang='lat' dir='ltr'><strong>egressus</strong></span> <span class='ocrx_word' id='word_1_35' title='bbox 1227 1081 1532 1138; x_wconf 79' lang='lat' dir='ltr'><strong>castrum</strong></span> <span class='ocrx_word' id='word_1_36' title='bbox 1606 1072 1916 1157; x_wconf 87' lang='lat' dir='ltr'><strong>ejusdem</strong></span> <span class='ocrx_word' id='word_1_37' title='bbox 1983 1070 2168 1137; x_wconf 83' lang='lat' dir='ltr'><strong>villae</strong></span> <span class='ocrx_word' id='word_1_38' title='bbox 2240 1070 2533 1149; x_wconf 76' lang='lat' dir='ltr'><strong>obsedit,</strong></span> <span class='ocrx_word' id='word_1_39' title='bbox 2606 1069 2729 1134; x_wconf 85' lang='lat' dir='ltr'><strong>sed</strong></span> 
     </span>
     <span class='ocr_line' id='line_1_7' title="bbox 831 1170 2731 1257; baseline -0.003 -19"><span class='ocrx_word' id='word_1_40' title='bbox 831 1172 1002 1238; x_wconf 88' lang='lat' dir='ltr'><strong>nihil</strong></span> <span class='ocrx_word' id='word_1_41' title='bbox 1055 1173 1333 1238; x_wconf 87' lang='lat' dir='ltr'><strong>omnino</strong></span> <span class='ocrx_word' id='word_1_42' title='bbox 1375 1172 1708 1256; x_wconf 79' lang='lat' dir='ltr'><strong>profecit3</strong></span> <span class='ocrx_word' id='word_1_43' title='bbox 1764 1172 2063 1257; x_wconf 79' lang='lat' dir='ltr'><strong>indeque</strong></span> <span class='ocrx_word' id='word_1_44' title='bbox 2103 1170 2552 1255; x_wconf 83' lang='lat' dir='ltr'><strong>progrediens</strong></span> <span class='ocrx_word' id='word_1_45' title='bbox 2594 1177 2731 1234; x_wconf 89' lang='lat' dir='ltr'><strong>ter·</strong></span> 
     </span>
     <span class='ocr_line' id='line_1_8' title="bbox 833 1270 2729 1355; baseline -0.002 -17"><span class='ocrx_word' id='word_1_46' title='bbox 833 1273 934 1338; x_wconf 92' lang='lat' dir='ltr'><strong>tio</strong></span> <span class='ocrx_word' id='word_1_47' title='bbox 975 1272 1134 1338; x_wconf 90' lang='lat' dir='ltr'><strong>idus</strong></span> <span class='ocrx_word' id='word_1_48' title='bbox 1169 1273 1494 1338; x_wconf 80' lang='lat' dir='ltr'><strong>Octobris</strong></span> <span class='ocrx_word' id='word_1_49' title='bbox 1536 1273 1899 1338; x_wconf 87' lang='lat' dir='ltr'><strong>castellum</strong></span> <span class='ocrx_word' id='word_1_50' title='bbox 1943 1272 2031 1338; x_wconf 91' lang='lat' dir='ltr'><strong>de</strong></span> <span class='ocrx_word' id='word_1_51' title='bbox 2075 1272 2408 1355; x_wconf 83' lang='lat' dir='ltr'><strong>Hagenet</strong></span> <span class='ocrx_word' id='word_1_52' title='bbox 2449 1270 2729 1346; x_wconf 84' lang='lat' dir='ltr'><strong>invasit,</strong></span> 
     </span>
     <span class='ocr_line' id='line_1_9' title="bbox 833 1372 2733 1456; baseline -0.002 -18"><span class='ocrx_word' id='word_1_53' title='bbox 833 1373 1021 1456; x_wconf 87' lang='lat' dir='ltr'><strong>cepit</strong></span> <span class='ocrx_word' id='word_1_54' title='bbox 1050 1380 1124 1439; x_wconf 92' lang='lat' dir='ltr'><strong>et</strong></span> <span class='ocrx_word' id='word_1_55' title='bbox 1147 1372 1530 1452; x_wconf 82' lang='lat' dir='ltr'><strong>succendit,</strong></span> <span class='ocrx_word' id='word_1_56' title='bbox 1560 1380 1632 1440; x_wconf 85' lang='lat' dir='ltr'><strong>et</strong></span> <span class='ocrx_word' id='word_1_57' title='bbox 1664 1373 1923 1440; x_wconf 81' lang='lat' dir='ltr'><strong>milites</strong></span> <span class='ocrx_word' id='word_1_58' title='bbox 1950 1373 2241 1456; x_wconf 89' lang='lat' dir='ltr'><strong>triginta</strong></span> <span class='ocrx_word' id='word_1_59' title='bbox 2264 1373 2454 1437; x_wconf 88' lang='lat' dir='ltr'><strong>intus</strong></span> <span class='ocrx_word' id='word_1_60' title='bbox 2486 1378 2733 1454; x_wconf 87' lang='lat' dir='ltr'><strong>captos</strong></span> 
     </span>
     <span class='ocr_line' id='line_1_10' title="bbox 833 1470 2726 1558; baseline -0.002 -20"><span class='ocrx_word' id='word_1_61' title='bbox 833 1472 924 1538; x_wconf 85' lang='lat' dir='ltr'><strong>ad</strong></span> <span class='ocrx_word' id='word_1_62' title='bbox 976 1472 1516 1558; x_wconf 84' lang='lat' dir='ltr'><strong>redemptionem</strong></span> <span class='ocrx_word' id='word_1_63' title='bbox 1568 1475 1820 1557; x_wconf 80' lang='lat' dir='ltr'><strong>coegit.</strong></span> <span class='ocrx_word' id='word_1_64' title='bbox 1926 1471 2356 1556; x_wconf 85' lang='lat' dir='ltr'><strong>Regrediens</strong></span> <span class='ocrx_word' id='word_1_65' title='bbox 2413 1471 2573 1536; x_wconf 90' lang='lat' dir='ltr'><strong>inde</strong></span> <span class='ocrx_word' id='word_1_66' title='bbox 2640 1470 2726 1535; x_wconf 82' lang='lat' dir='ltr'><strong>ad</strong></span> 
     </span>
     <span class='ocr_line' id='line_1_11' title="bbox 835 1570 2731 1659; baseline -0.002 -22"><span class='ocrx_word' id='word_1_67' title='bbox 835 1573 1391 1657; x_wconf 83' lang='lat' dir='ltr'><strong>Fremingeham,</strong></span> <span class='ocrx_word' id='word_1_68' title='bbox 1439 1593 1599 1638; x_wconf 83' lang='lat' dir='ltr'><strong>cum</strong></span> <span class='ocrx_word' id='word_1_69' title='bbox 1645 1593 1841 1640; x_wconf 88' lang='lat' dir='ltr'><strong>mora</strong></span> <span class='ocrx_word' id='word_1_70' title='bbox 1890 1573 2043 1659; x_wconf 87' lang='lat' dir='ltr'><strong>ejus</strong></span> <span class='ocrx_word' id='word_1_71' title='bbox 2106 1591 2399 1638; x_wconf 86' lang='lat' dir='ltr'><strong>onerosa</strong></span> <span class='ocrx_word' id='word_1_72' title='bbox 2438 1570 2731 1654; x_wconf 85' lang='lat' dir='ltr'><strong>Hugoni</strong></span> 
     </span>
     <span class='ocr_line' id='line_1_12' title="bbox 833 1671 2733 1754; baseline -0.002 -16"><span class='ocrx_word' id='word_1_73' title='bbox 833 1673 1066 1754; x_wconf 88' lang='lat' dir='ltr'><strong>Bigod</strong></span> <span class='ocrx_word' id='word_1_74' title='bbox 1159 1673 1432 1740; x_wconf 83' lang='lat' dir='ltr'><strong>castelli</strong></span> <span class='ocrx_word' id='word_1_75' title='bbox 1503 1673 1787 1739; x_wconf 89' lang='lat' dir='ltr'><strong>domino</strong></span> <span class='ocrx_word' id='word_1_76' title='bbox 1859 1673 2232 1751; x_wconf 84' lang='lat' dir='ltr'><strong>videretur,</strong></span> <span class='ocrx_word' id='word_1_77' title='bbox 2320 1671 2733 1738; x_wconf 80' lang='lat' dir='ltr'><strong>necessitate</strong></span> 
     </span>
     <span class='ocr_line' id='line_1_13' title="bbox 833 1772 2730 1857; baseline 0 -19"><span class='ocrx_word' id='word_1_78' title='bbox 833 1773 1085 1840; x_wconf 87' lang='lat' dir='ltr'><strong>ductus</strong></span> <span class='ocrx_word' id='word_1_79' title='bbox 1147 1775 1450 1840; x_wconf 88' lang='lat' dir='ltr'><strong>animum</strong></span> <span class='ocrx_word' id='word_1_80' title='bbox 1514 1773 1778 1839; x_wconf 82' lang='lat' dir='ltr'><strong>direxit</strong></span> <span class='ocrx_word' id='word_1_81' title='bbox 1827 1781 1903 1839; x_wconf 92' lang='lat' dir='ltr'><strong>et</strong></span> <span class='ocrx_word' id='word_1_82' title='bbox 1958 1791 2274 1857; x_wconf 83' lang='lat' dir='ltr'><strong>gressum</strong></span> <span class='ocrx_word' id='word_1_83' title='bbox 2346 1773 2435 1838; x_wconf 79' lang='lat' dir='ltr'><strong>ad</strong></span> <span class='ocrx_word' id='word_1_84' title='bbox 2506 1772 2730 1854; x_wconf 86' lang='lat' dir='ltr'><strong>Lege·</strong></span> 
     </span>
     <span class='ocr_line' id='line_1_14' title="bbox 834 1864 2733 1958; baseline -0.001 -20"><span class='ocrx_word' id='word_1_85' title='bbox 834 1873 1158 1940; x_wconf 85' lang='lat' dir='ltr'><strong>cestriam</strong></span> <span class='ocrx_word' id='word_1_86' title='bbox 1191 1873 1638 1940; x_wconf 80' lang='lat' dir='ltr'><strong>visitandum.</strong></span> <span class='ocrx_word' id='word_1_87' title='bbox 1744 1873 1894 1939; x_wconf 91' lang='lat' dir='ltr'><strong>Iter</strong></span> <span class='ocrx_word' id='word_1_88' title='bbox 1934 1864 2163 1957; x_wconf 79' lang='lat' dir='ltr'><strong>igitur</strong></span> <span class='ocrx_word' id='word_1_89' title='bbox 2190 1871 2527 1958; x_wconf 86' lang='lat' dir='ltr'><strong>arripiens</strong></span> <span class='ocrx_word' id='word_1_90' title='bbox 2571 1892 2733 1956; x_wconf 90' lang='lat' dir='ltr'><strong>pro·</strong></span> 
     </span>
     <span class='ocr_line' id='line_1_15' title="bbox 833 1973 2735 2056; baseline -0.001 -18"><span class='ocrx_word' id='word_1_91' title='bbox 833 1974 1074 2056; x_wconf 86' lang='lat' dir='ltr'><strong>posuit</strong></span> <span class='ocrx_word' id='word_1_92' title='bbox 1148 1975 1446 2056; x_wconf 86' lang='lat' dir='ltr'><strong>burgum</strong></span> <span class='ocrx_word' id='word_1_93' title='bbox 1505 1975 1733 2040; x_wconf 82' lang='lat' dir='ltr'><strong>sancti</strong></span> <span class='ocrx_word' id='word_1_94' title='bbox 1794 1973 2187 2039; x_wconf 87' lang='lat' dir='ltr'><strong>Eadmundi</strong></span> <span class='ocrx_word' id='word_1_95' title='bbox 2242 1994 2334 2039; x_wconf 85' lang='lat' dir='ltr'><strong>ex</strong></span> <span class='ocrx_word' id='word_1_96' title='bbox 2390 1973 2735 2038; x_wconf 86' lang='lat' dir='ltr'><strong>industria</strong></span> 
     </span>
     <span class='ocr_line' id='line_1_16' title="bbox 833 2072 2732 2160; baseline 0.001 -23"><span class='ocrx_word' id='word_1_97' title='bbox 833 2073 1168 2140; x_wconf 87' lang='lat' dir='ltr'><strong>itinerans</strong></span> <span class='ocrx_word' id='word_1_98' title='bbox 1233 2074 1642 2155; x_wconf 83' lang='lat' dir='ltr'><strong>sinistrare3</strong></span> <span class='ocrx_word' id='word_1_99' title='bbox 1707 2074 1895 2160; x_wconf 87' lang='lat' dir='ltr'><strong>quod</strong></span> <span class='ocrx_word' id='word_1_100' title='bbox 1954 2076 2307 2140; x_wconf 88' lang='lat' dir='ltr'><strong>exercitus</strong></span> <span class='ocrx_word' id='word_1_101' title='bbox 2346 2075 2531 2157; x_wconf 83' lang='lat' dir='ltr'><strong>regis</strong></span> <span class='ocrx_word' id='word_1_102' title='bbox 2579 2072 2732 2139; x_wconf 87' lang='lat' dir='ltr'><strong>An·</strong></span> 
     </span>
     <span class='ocr_line' id='line_1_17' title="bbox 835 2171 2738 2258; baseline 0.001 -22"><span class='ocrx_word' id='word_1_103' title='bbox 835 2173 1022 2255; x_wconf 83' lang='lat' dir='ltr'><strong>gliae,</strong></span> <span class='ocrx_word' id='word_1_104' title='bbox 1051 2174 1171 2257; x_wconf 89' lang='lat' dir='ltr'><strong>qui</strong></span> <span class='ocrx_word' id='word_1_105' title='bbox 1204 2176 1293 2239; x_wconf 90' lang='lat' dir='ltr'><strong>ad</strong></span> <span class='ocrx_word' id='word_1_106' title='bbox 1327 2177 1575 2258; x_wconf 84' lang='lat' dir='ltr'><strong>patriae</strong></span> <span class='ocrx_word' id='word_1_107' title='bbox 1601 2175 1789 2241; x_wconf 88' lang='lat' dir='ltr'><strong>illius</strong></span> <span class='ocrx_word' id='word_1_108' title='bbox 1834 2171 2221 2240; x_wconf 75' lang='lat' dir='ltr'><strong>custodiam</strong></span> <span class='ocrx_word' id='word_1_109' title='bbox 2252 2174 2481 2239; x_wconf 87' lang='lat' dir='ltr'><strong>fuerat</strong></span> <span class='ocrx_word' id='word_1_110' title='bbox 2514 2174 2738 2256; x_wconf 82' lang='lat' dir='ltr'><strong>assig-</strong></span> 
     </span>
     <span class='ocr_line' id='line_1_18' title="bbox 836 2273 2825 2360; baseline 0.001 -24"><span class='ocrx_word' id='word_1_111' title='bbox 836 2279 1071 2351; x_wconf 78' lang='lat' dir='ltr'><strong>natuS,</strong></span> <span class='ocrx_word' id='word_1_112' title='bbox 1120 2293 1262 2339; x_wconf 90' lang='lat' dir='ltr'><strong>non</strong></span> <span class='ocrx_word' id='word_1_113' title='bbox 1304 2275 1591 2340; x_wconf 88' lang='lat' dir='ltr'><strong>latebat.</strong></span> <span class='ocrx_word' id='word_1_114' title='bbox 1694 2275 2010 2360; x_wconf 87' lang='lat' dir='ltr'><strong>Stipatus</strong></span> <span class='ocrx_word' id='word_1_115' title='bbox 2044 2294 2212 2358; x_wconf 88' lang='lat' dir='ltr'><strong>ergo</strong></span> <span class='ocrx_word' id='word_1_116' title='bbox 2244 2293 2474 2340; x_wconf 88' lang='lat' dir='ltr'><strong>comes</strong></span> <span class='ocrx_word' id='word_1_117' title='bbox 2510 2273 2733 2356; x_wconf 87' lang='lat' dir='ltr'><strong>Lege·-</strong></span> <span class='ocrx_word' id='word_1_118' title='bbox 2818 2320 2825 2326; x_wconf 90' lang='lat'><em>-</em></span> 
     </span>
     <span class='ocr_line' id='line_1_19' title="bbox 838 2373 2735 2459; baseline 0.001 -23"><span class='ocrx_word' id='word_1_119' title='bbox 838 2373 1208 2438; x_wconf 87' lang='lat' dir='ltr'><strong>cestrensis</strong></span> <span class='ocrx_word' id='word_1_120' title='bbox 1235 2373 1455 2440; x_wconf 89' lang='lat' dir='ltr'><strong>milite</strong></span> <span class='ocrx_word' id='word_1_121' title='bbox 1483 2376 1788 2458; x_wconf 88' lang='lat' dir='ltr'><strong>copioso,</strong></span> <span class='ocrx_word' id='word_1_122' title='bbox 1817 2377 1937 2459; x_wconf 87' lang='lat' dir='ltr'><strong>qui</strong></span> <span class='ocrx_word' id='word_1_123' title='bbox 1968 2384 2259 2458; x_wconf 90' lang='lat' dir='ltr'><strong>paratus</strong></span> <span class='ocrx_word' id='word_1_124' title='bbox 2300 2375 2389 2439; x_wconf 88' lang='lat' dir='ltr'><strong>ad</strong></span> <span class='ocrx_word' id='word_1_125' title='bbox 2428 2393 2735 2458; x_wconf 88' lang='lat' dir='ltr'><strong>pugnam</strong></span> 
     </span>
     <span class='ocr_line' id='line_1_20' title="bbox 839 2473 2735 2560; baseline 0.001 -22"><span class='ocrx_word' id='word_1_126' title='bbox 839 2480 1018 2553; x_wconf 87' lang='lat' dir='ltr'><strong>erat,</strong></span> <span class='ocrx_word' id='word_1_127' title='bbox 1055 2473 1132 2539; x_wconf 91' lang='lat' dir='ltr'><strong>in</strong></span> <span class='ocrx_word' id='word_1_128' title='bbox 1177 2475 1400 2541; x_wconf 87' lang='lat' dir='ltr'><strong>tribus</strong></span> <span class='ocrx_word' id='word_1_129' title='bbox 1447 2476 1751 2541; x_wconf 88' lang='lat' dir='ltr'><strong>millibus</strong></span> <span class='ocrx_word' id='word_1_130' title='bbox 1798 2474 2355 2555; x_wconf 86' lang='lat' dir='ltr'><strong>Flandrensium,</strong></span> <span class='ocrx_word' id='word_1_131' title='bbox 2401 2495 2580 2560; x_wconf 88' lang='lat' dir='ltr'><strong>quos</strong></span> <span class='ocrx_word' id='word_1_132' title='bbox 2602 2475 2735 2540; x_wconf 77' lang='lat' dir='ltr'><strong>viae</strong></span> 
     </span>
     <span class='ocr_line' id='line_1_21' title="bbox 839 2575 2736 2659; baseline 0.002 -22"><span class='ocrx_word' id='word_1_133' title='bbox 839 2576 1218 2659; x_wconf 88' lang='lat' dir='ltr'><strong>participes</strong></span> <span class='ocrx_word' id='word_1_134' title='bbox 1247 2584 1411 2641; x_wconf 88' lang='lat' dir='ltr'><strong>tunc</strong></span> <span class='ocrx_word' id='word_1_135' title='bbox 1436 2575 1701 2653; x_wconf 86' lang='lat' dir='ltr'><strong>habuit,</strong></span> <span class='ocrx_word' id='word_1_136' title='bbox 1735 2596 1877 2641; x_wconf 90' lang='lat' dir='ltr'><strong>non</strong></span> <span class='ocrx_word' id='word_1_137' title='bbox 1918 2576 2277 2641; x_wconf 89' lang='lat' dir='ltr'><strong>minimum</strong></span> <span class='ocrx_word' id='word_1_138' title='bbox 2320 2576 2736 2641; x_wconf 87' lang='lat' dir='ltr'><strong>confidebat.</strong></span> 
     </span>
     <span class='ocr_line' id='line_1_22' title="bbox 844 2672 2738 2759; baseline 0.001 -21"><span class='ocrx_word' id='word_1_139' title='bbox 844 2672 1034 2740; x_wconf 91' lang='lat' dir='ltr'><strong>Inito</strong></span> <span class='ocrx_word' id='word_1_140' title='bbox 1085 2676 1324 2759; x_wconf 89' lang='lat' dir='ltr'><strong>itaque</strong></span> <span class='ocrx_word' id='word_1_141' title='bbox 1375 2676 1777 2755; x_wconf 86' lang='lat' dir='ltr'><strong>certamine,</strong></span> <span class='ocrx_word' id='word_1_142' title='bbox 1832 2684 1904 2741; x_wconf 93' lang='lat' dir='ltr'><strong>et</strong></span> <span class='ocrx_word' id='word_1_143' title='bbox 1957 2676 2211 2742; x_wconf 88' lang='lat' dir='ltr'><strong>ictibus</strong></span> <span class='ocrx_word' id='word_1_144' title='bbox 2252 2676 2517 2741; x_wconf 90' lang='lat' dir='ltr'><strong>ictuum</strong></span> <span class='ocrx_word' id='word_1_145' title='bbox 2562 2676 2738 2740; x_wconf 85' lang='lat' dir='ltr'><strong>assi·-</strong></span> 
     </span>
     <span class='ocr_line' id='line_1_23' title="bbox 841 2772 2739 2860; baseline 0.002 -23"><span class='ocrx_word' id='word_1_146' title='bbox 841 2772 1106 2839; x_wconf 88' lang='lat' dir='ltr'><strong>duitate</strong></span> <span class='ocrx_word' id='word_1_147' title='bbox 1171 2778 1610 2859; x_wconf 77' lang='lat' dir='ltr'><strong>compressiS,</strong></span> <span class='ocrx_word' id='word_1_148' title='bbox 1681 2783 1844 2860; x_wconf 91' lang='lat' dir='ltr'><strong>post</strong></span> <span class='ocrx_word' id='word_1_149' title='bbox 1910 2776 2075 2841; x_wconf 88' lang='lat' dir='ltr'><strong>belli</strong></span> <span class='ocrx_word' id='word_1_150' title='bbox 2140 2777 2373 2843; x_wconf 84' lang='lat' dir='ltr'><strong>varios</strong></span> <span class='ocrx_word' id='word_1_151' title='bbox 2448 2783 2739 2841; x_wconf 85' lang='lat' dir='ltr'><strong>eventus</strong></span> 
     </span>
     <span class='ocr_line' id='line_1_24' title="bbox 839 2875 2743 2955; baseline 0.002 -18"><span class='ocrx_word' id='word_1_152' title='bbox 839 2892 1074 2939; x_wconf 90' lang='lat' dir='ltr'><strong>comes</strong></span> <span class='ocrx_word' id='word_1_153' title='bbox 1121 2882 1194 2941; x_wconf 91' lang='lat' dir='ltr'><strong>et</strong></span> <span class='ocrx_word' id='word_1_154' title='bbox 1258 2875 1637 2955; x_wconf 87' lang='lat' dir='ltr'><strong>comitissa,</strong></span> <span class='ocrx_word' id='word_1_155' title='bbox 1693 2876 2182 2955; x_wconf 72' lang='lat' dir='ltr'><strong>Flandren&#39;ses,</strong></span> <span class='ocrx_word' id='word_1_156' title='bbox 2230 2875 2621 2943; x_wconf 74' lang='lat' dir='ltr'><strong>Nol-manni</strong></span> <span class='ocrx_word' id='word_1_157' title='bbox 2668 2883 2743 2941; x_wconf 93' lang='lat' dir='ltr'><strong>et</strong></span> 
     </span>
     <span class='ocr_line' id='line_1_25' title="bbox 844 2973 2743 3061; baseline 0.002 -24"><span class='ocrx_word' id='word_1_158' title='bbox 844 2973 1100 3039; x_wconf 87' lang='lat' dir='ltr'><strong>Franci</strong></span> <span class='ocrx_word' id='word_1_159' title='bbox 1128 2982 1200 3039; x_wconf 88' lang='lat' dir='ltr'><strong>et</strong></span> <span class='ocrx_word' id='word_1_160' title='bbox 1231 2976 1539 3059; x_wconf 87' lang='lat' dir='ltr'><strong>quicum</strong></span> <span class='ocrx_word' id='word_1_161' title='bbox 1570 2977 1671 3041; x_wconf 90' lang='lat' dir='ltr'><strong>eis</strong></span> <span class='ocrx_word' id='word_1_162' title='bbox 1699 2984 2059 3056; x_wconf 83' lang='lat' dir='ltr'><strong>venerant,</strong></span> <span class='ocrx_word' id='word_1_163' title='bbox 2090 2996 2334 3042; x_wconf 88' lang='lat' dir='ltr'><strong>omnes</strong></span> <span class='ocrx_word' id='word_1_164' title='bbox 2370 2977 2743 3061; x_wconf 83' lang='lat' dir='ltr'><strong>capiuntur</strong></span> 
     </span>
     <span class='ocr_line' id='line_1_26' title="bbox 839 3072 2741 3143; baseline 0.003 -6"><span class='ocrx_word' id='word_1_165' title='bbox 839 3072 1107 3139; x_wconf 89' lang='lat' dir='ltr'><strong>decimo</strong></span> <span class='ocrx_word' id='word_1_166' title='bbox 1159 3083 1366 3141; x_wconf 81' lang='lat' dir='ltr'><strong>sexto</strong></span> <span class='ocrx_word' id='word_1_167' title='bbox 1425 3075 1761 3143; x_wconf 86' lang='lat' dir='ltr'><strong>kalendas</strong></span> <span class='ocrx_word' id='word_1_168' title='bbox 1820 3077 2263 3143; x_wconf 79' lang='lat' dir='ltr'><strong>Novembris,</strong></span> <span class='ocrx_word' id='word_1_169' title='bbox 2368 3074 2741 3143; x_wconf 80' lang='lat' dir='ltr'><strong>comitissa</strong></span> 
     </span>
     <span class='ocr_line' id='line_1_27' title="bbox 841 3175 2741 3261; baseline 0.001 -23"><span class='ocrx_word' id='word_1_170' title='bbox 841 3192 1007 3238; x_wconf 85' lang='lat' dir='ltr'><strong>vero</strong></span> <span class='ocrx_word' id='word_1_171' title='bbox 1063 3175 1397 3241; x_wconf 88' lang='lat' dir='ltr'><strong>annulum</strong></span> <span class='ocrx_word' id='word_1_172' title='bbox 1453 3176 1718 3242; x_wconf 87' lang='lat' dir='ltr'><strong>habens</strong></span> <span class='ocrx_word' id='word_1_173' title='bbox 1776 3178 1849 3243; x_wconf 87' lang='lat' dir='ltr'><strong>in</strong></span> <span class='ocrx_word' id='word_1_174' title='bbox 1918 3176 2141 3260; x_wconf 84' lang='lat' dir='ltr'><strong>digito</strong></span> <span class='ocrx_word' id='word_1_175' title='bbox 2210 3177 2590 3261; x_wconf 86' lang='lat' dir='ltr'><strong>pretiosum</strong></span> <span class='ocrx_word' id='word_1_176' title='bbox 2666 3177 2741 3241; x_wconf 91' lang='lat' dir='ltr'><strong>in</strong></span> 
     </span>
     <span class='ocr_line' id='line_1_28' title="bbox 840 3276 2740 3361; baseline 0.002 -24"><span class='ocrx_word' id='word_1_177' title='bbox 840 3290 1109 3339; x_wconf 88' lang='lat' dir='ltr'><strong>amnem</strong></span> <span class='ocrx_word' id='word_1_178' title='bbox 1169 3295 1386 3359; x_wconf 88' lang='lat' dir='ltr'><strong>prope</strong></span> <span class='ocrx_word' id='word_1_179' title='bbox 1439 3276 1773 3343; x_wconf 88' lang='lat' dir='ltr'><strong>fluentem</strong></span> <span class='ocrx_word' id='word_1_180' title='bbox 1828 3296 1977 3361; x_wconf 81' lang='lat' dir='ltr'><strong>prae</strong></span> <span class='ocrx_word' id='word_1_181' title='bbox 2037 3277 2517 3361; x_wconf 80' lang='lat' dir='ltr'><strong>indignatione</strong></span> <span class='ocrx_word' id='word_1_182' title='bbox 2577 3295 2740 3361; x_wconf 88' lang='lat' dir='ltr'><strong>pro-</strong></span> 
     </span>
     <span class='ocr_line' id='line_1_29' title="bbox 831 3373 2738 3462; baseline 0.003 -25"><span class='ocrx_word' id='word_1_183' title='bbox 831 3373 1028 3457; x_wconf 89' lang='lat' dir='ltr'><strong>jecit,</strong></span> <span class='ocrx_word' id='word_1_184' title='bbox 1060 3375 1302 3441; x_wconf 88' lang='lat' dir='ltr'><strong>nolens</strong></span> <span class='ocrx_word' id='word_1_185' title='bbox 1340 3376 1658 3442; x_wconf 89' lang='lat' dir='ltr'><strong>hostibus</strong></span> <span class='ocrx_word' id='word_1_186' title='bbox 1709 3379 1853 3443; x_wconf 89' lang='lat' dir='ltr'><strong>suis</strong></span> <span class='ocrx_word' id='word_1_187' title='bbox 1896 3377 1983 3442; x_wconf 91' lang='lat' dir='ltr'><strong>de</strong></span> <span class='ocrx_word' id='word_1_188' title='bbox 2034 3396 2165 3443; x_wconf 87' lang='lat' dir='ltr'><strong>sua</strong></span> <span class='ocrx_word' id='word_1_189' title='bbox 2213 3377 2535 3462; x_wconf 88' lang='lat' dir='ltr'><strong>captione</strong></span> <span class='ocrx_word' id='word_1_190' title='bbox 2578 3385 2738 3442; x_wconf 85' lang='lat' dir='ltr'><strong>tan—</strong></span> 
     </span>
     <span class='ocr_line' id='line_1_30' title="bbox 843 3473 2742 3563; baseline 0.003 -27"><span class='ocrx_word' id='word_1_191' title='bbox 843 3480 991 3537; x_wconf 89' lang='lat' dir='ltr'><strong>tum</strong></span> <span class='ocrx_word' id='word_1_192' title='bbox 1051 3473 1302 3541; x_wconf 88' lang='lat' dir='ltr'><strong>habere</strong></span> <span class='ocrx_word' id='word_1_193' title='bbox 1365 3485 1801 3560; x_wconf 87' lang='lat' dir='ltr'><strong>proventum.</strong></span> <span class='ocrx_word' id='word_1_194' title='bbox 1919 3477 2235 3543; x_wconf 82' lang='lat' dir='ltr'><strong>Tandem</strong></span> <span class='ocrx_word' id='word_1_195' title='bbox 2296 3498 2461 3563; x_wconf 86' lang='lat' dir='ltr'><strong>pars</strong></span> <span class='ocrx_word' id='word_1_196' title='bbox 2520 3477 2742 3563; x_wconf 86' lang='lat' dir='ltr'><strong>major</strong></span> 
     </span>
     <span class='ocr_line' id='line_1_31' title="bbox 847 3570 2745 3663; baseline 0.002 -26"><span class='ocrx_word' id='word_1_197' title='bbox 847 3572 1375 3640; x_wconf 86' lang='lat' dir='ltr'><strong>Flandrensium</strong></span> <span class='ocrx_word' id='word_1_198' title='bbox 1426 3570 1787 3656; x_wconf 89' lang='lat' dir='ltr'><strong>occiditur,</strong></span> <span class='ocrx_word' id='word_1_199' title='bbox 1839 3595 2005 3661; x_wconf 89' lang='lat' dir='ltr'><strong>pars</strong></span> <span class='ocrx_word' id='word_1_200' title='bbox 2062 3578 2379 3663; x_wconf 83' lang='lat' dir='ltr'><strong>quaedam</strong></span> <span class='ocrx_word' id='word_1_201' title='bbox 2434 3580 2745 3643; x_wconf 81' lang='lat' dir='ltr'><strong>submer-</strong></span> 
     </span>
     <span class='ocr_line' id='line_1_32' title="bbox 842 3673 2743 3759; baseline 0.003 -21"><span class='ocrx_word' id='word_1_202' title='bbox 842 3673 1054 3757; x_wconf 88' lang='lat' dir='ltr'><strong>gitur,</strong></span> <span class='ocrx_word' id='word_1_203' title='bbox 1089 3694 1251 3759; x_wconf 86' lang='lat' dir='ltr'><strong>pars</strong></span> <span class='ocrx_word' id='word_1_204' title='bbox 1282 3676 1568 3741; x_wconf 90' lang='lat' dir='ltr'><strong>minima</strong></span> <span class='ocrx_word' id='word_1_205' title='bbox 1600 3677 1690 3741; x_wconf 84' lang='lat' dir='ltr'><strong>ad</strong></span> <span class='ocrx_word' id='word_1_206' title='bbox 1723 3678 2004 3744; x_wconf 86' lang='lat' dir='ltr'><strong>vincula</strong></span> <span class='ocrx_word' id='word_1_207' title='bbox 2036 3679 2335 3744; x_wconf 88' lang='lat' dir='ltr'><strong>trahitur</strong></span> <span class='ocrx_word' id='word_1_208' title='bbox 2360 3677 2743 3756; x_wconf 89' lang='lat' dir='ltr'><strong>subeunda,</strong></span> 
     </span>
     <span class='ocr_line' id='line_1_33' title="bbox 843 3773 2137 3864; baseline 0.005 -26"><span class='ocrx_word' id='word_1_209' title='bbox 843 3794 981 3857; x_wconf 91' lang='lat' dir='ltr'><strong>quo</strong></span> <span class='ocrx_word' id='word_1_210' title='bbox 1011 3773 1340 3841; x_wconf 83' lang='lat' dir='ltr'><strong>carcerali</strong></span> <span class='ocrx_word' id='word_1_211' title='bbox 1374 3777 1711 3844; x_wconf 75' lang='lat' dir='ltr'><strong>custodiae</strong></span> <span class='ocrx_word' id='word_1_212' title='bbox 1742 3777 2137 3864; x_wconf 87' lang='lat' dir='ltr'><strong>deputetur.</strong></span> 
     </span>
    </p>
   </div>
   <div class='ocr_carea' id='block_1_3' title="bbox 905 3938 2670 4033">
    <p class='ocr_par' dir='ltr' id='par_1_3' title="bbox 905 3938 2670 4033">
     <span class='ocr_line' id='line_1_34' title="bbox 905 3938 2670 4033; baseline 0.005 -30"><span class='ocrx_word' id='word_1_213' title='bbox 905 3938 1086 4019; x_wconf 74' lang='lat' dir='ltr'><strong>Quod</strong></span> <span class='ocrx_word' id='word_1_214' title='bbox 1113 3962 1225 4007; x_wconf 69' lang='lat' dir='ltr'><strong>rav</strong></span> <span class='ocrx_word' id='word_1_215' title='bbox 1257 3942 1574 4009; x_wconf 68' lang='lat' dir='ltr'><strong>Hem-ioue</strong></span> <span class='ocrx_word' id='word_1_216' title='bbox 1600 3944 1821 4009; x_wconf 77' lang='lat' dir='ltr'><strong>multos</strong></span> <span class='ocrx_word' id='word_1_217' title='bbox 1851 3944 2112 4011; x_wconf 74' lang='lat' dir='ltr'><strong>hostium</strong></span> <span class='ocrx_word' id='word_1_218' title='bbox 2138 3966 2390 4011; x_wconf 72' lang='lat' dir='ltr'><strong>suorum</strong></span> <span class='ocrx_word' id='word_1_219' title='bbox 2424 3947 2670 4033; x_wconf 72' lang='lat' dir='ltr'><strong>coperit.</strong></span> 
     </span>
    </p>
   </div>
   <div class='ocr_carea' id='block_1_4' title="bbox 508 4059 2744 4255">
    <p class='ocr_par' dir='ltr' id='par_1_4' title="bbox 508 4059 2744 4255">
     <span class='ocr_line' id='line_1_35' title="bbox 509 4059 2742 4184; baseline -0 -49"><span class='ocrx_word' id='word_1_220' title='bbox 509 4094 603 4135; x_wconf 76' lang='lat' dir='ltr'><strong>The</strong></span> <span class='ocrx_word' id='word_1_221' title='bbox 617 4092 758 4184; x_wconf 63' lang='lat' dir='ltr'><strong>mnf.</strong></span> <span class='ocrx_word' id='word_1_222' title='bbox 938 4059 1166 4147; x_wconf 81' lang='lat' dir='ltr'><strong>Rege¹</strong></span> <span class='ocrx_word' id='word_1_223' title='bbox 1241 4065 1633 4151; x_wconf 87' lang='lat' dir='ltr'><strong>Anglorum</strong></span> <span class='ocrx_word' id='word_1_224' title='bbox 1705 4079 1907 4153; x_wconf 89' lang='lat' dir='ltr'><strong>patre</strong></span> <span class='ocrx_word' id='word_1_225' title='bbox 1969 4070 2155 4154; x_wconf 89' lang='lat' dir='ltr'><strong>apud</strong></span> <span class='ocrx_word' id='word_1_226' title='bbox 2218 4070 2742 4153; x_wconf 87' lang='lat' dir='ltr'><strong>Rothomagum</strong></span> 
     </span>
     <span class='ocr_line' id='line_1_36' title="bbox 508 4155 2744 4255; baseline 0.004 -28"><span class='ocrx_word' id='word_1_227' title='bbox 508 4155 742 4246; x_wconf 48' lang='lat' dir='ltr'><strong>iffi&amp;</strong></span> <span class='ocrx_word' id='word_1_228' title='bbox 833 4174 1330 4245; x_wconf 88' lang='lat' dir='ltr'><strong>commorante,</strong></span> <span class='ocrx_word' id='word_1_229' title='bbox 1393 4171 1790 4235; x_wconf 88' lang='lat' dir='ltr'><strong>nuntiatum</strong></span> <span class='ocrx_word' id='word_1_230' title='bbox 1858 4179 1966 4236; x_wconf 88' lang='lat' dir='ltr'><strong>est</strong></span> <span class='ocrx_word' id='word_1_231' title='bbox 2038 4171 2129 4250; x_wconf 89' lang='lat' dir='ltr'><strong>ei,</strong></span> <span class='ocrx_word' id='word_1_232' title='bbox 2190 4172 2482 4237; x_wconf 90' lang='lat' dir='ltr'><strong>electam</strong></span> <span class='ocrx_word' id='word_1_233' title='bbox 2555 4172 2744 4255; x_wconf 83' lang='lat' dir='ltr'><strong>regis</strong></span> 
     </span>
    </p>
   </div>
   <div class='ocr_carea' id='block_1_5' title="bbox 1043 4324 2504 4398">
    <p class='ocr_par' dir='ltr' id='par_1_5' title="bbox 1043 4324 2504 4398">
     <span class='ocr_line' id='line_1_37' title="bbox 1043 4324 2504 4398; baseline 0.006 -21"><span class='ocrx_word' id='word_1_234' title='bbox 1043 4324 1062 4357; x_wconf 87' lang='lat'>¹</span> <span class='ocrx_word' id='word_1_235' title='bbox 1079 4329 1219 4393; x_wconf 72' lang='lat' dir='ltr'><strong>Rege</strong></span> <span class='ocrx_word' id='word_1_236' title='bbox 1234 4328 1554 4397; x_wconf 62' lang='lat' dir='ltr'><strong>Anglorum]</strong></span> <span class='ocrx_word' id='word_1_237' title='bbox 1588 4334 1794 4398; x_wconf 82' lang='lat' dir='ltr'><strong>Diceto,</strong></span> <span class='ocrx_word' id='word_1_238' title='bbox 1810 4336 1906 4385; x_wconf 88' lang='lat' dir='ltr'><strong>col.</strong></span> <span class='ocrx_word' id='word_1_239' title='bbox 1930 4338 2061 4397; x_wconf 80' lang='lat'><strong>⁵⁷43</strong></span> <span class='ocrx_word' id='word_1_240' title='bbox 2097 4334 2367 4397; x_wconf 82' lang='lat' dir='ltr'><strong>Hoveden,</strong></span> <span class='ocrx_word' id='word_1_241' title='bbox 2388 4337 2504 4386; x_wconf 71' lang='lat'><strong>535.</strong></span> 
     </span>
    </p>
   </div>
  </div>
 </body>
</html>
