3108 5059
830 487 1108 536 nonus
1157 487 1697 536 ms'ronumum.
2074 472 2208 536 239

300 643 612 726 expulsis
672 646 1022 710 canonicis
1076 647 1553 724 saecularibuS,
1609 646 1762 710 loco
1815 664 2052 710 eorum
2099 666 2207 711 re-
2232 669 2342 710 A.n.
2366 669 2478 708 1140.

299 745 575 825 gulares
634 753 801 809 sunt
872 748 1186 811 canonici
1252 748 1652 812 introducti.
1772 746 1971 830 Papa
2028 766 2192 812 vero

300 843 457 908 inde
514 845 777 908 Remos
829 847 1181 929 profectus
1224 849 1449 912 tenuit
1501 848 1598 912 ibi
1655 841 1674 878 ¹
1691 848 2082 924 concilium,
2130 847 2203 916 in
2229 871 2404 913 couneu
2419 872 2466 909 or

302 964 440 1026 quo
508 945 841 1010 damnata
902 955 1010 1012 est
1072 948 1356 1012 haeresis
1414 947 1725 1012 Eudonis
1783 947 2206 1031 pseudopro·
2231 923 2423 964 Rhem‘

303 1044 559 1127 phetae,
628 1044 714 1108 de
766 1047 965 1130 cujus
1032 1047 1616 1112 incantationibus
1686 1055 1758 1112 et
1818 1048 2206 1131 phantasiis

306 1144 553 1208 melius
606 1152 712 1209 est
767 1146 971 1210 silere
1020 1167 1230 1230 quam
1283 1148 1495 1229 loqui.
1604 1147 1692 1212 In
1751 1147 1882 1211 hoc
1932 1167 2210 1231 quoque

308 1245 598 1308 concilio
632 1248 995 1311 constituit
1036 1247 1527 1330 praedicatores
1574 1248 1658 1311 de
1688 1249 1971 1329 negotio
2006 1255 2209 1311 terrae

308 1352 592 1422 sanctae,
639 1365 797 1429 quae
846 1366 929 1411 eo
968 1355 1276 1430 tempore
1332 1347 1504 1411 adeo
1544 1355 1695 1411 erat
1745 1367 1788 1411 a
1847 1346 2210 1411 Saracenis

309 1463 665 1527 oppressa,
716 1447 899 1529 quod
959 1447 1193 1512 liberis
1244 1447 1668 1512 discursibus
1725 1455 1797 1512 et
1847 1447 1996 1512 sine
2049 1451 2212 1512 con-

311 1544 725 1610 tradictione
770 1567 922 1612 eam
970 1548 1259 1612 ubilibet
1302 1555 1810 1630 pervagarent3
1863 1547 2079 1629 igitur
2122 1546 2210 1611 ad
2247 1595 2252 1598 -

308 1645 871 1728 praetlicationem
946 1648 1310 1725 Bernardi,
1382 1649 1654 1712 abbatis
1721 1648 2212 1712 Claraevallen-

313 1745 430 1823 εἰς,
461 1744 852 1824 Conradus,
890 1747 1364 1813 Romanorum
1402 1747 1804 1831 imperator,
1837 1767 2041 1812 cruce
2073 1747 2215 1829 sig-

314 1853 519 1911 natus
572 1855 683 1911 est
731 1855 803 1912 et
848 1867 1004 1912 cum
1048 1869 1132 1913 eo
1175 1849 1537 1913 innumera
1580 1848 1934 1912 hominum
1983 1847 2212 1911 multi-

316 1946 505 2011 tudo.
636 1947 885 2012 Mense
946 1956 1177 2014 autem
1240 1949 1435 2013 Maio
1492 1949 1814 2032 proximo
1879 1953 2212 2029 sequente
2237 1962 2422 2002 cmsade

2237 2015 2374 2052 under

314 2046 541 2111 dictus
601 2047 981 2131 imperator
1032 2050 1168 2114 iter
1230 2047 1812 2132 peregrinationis
1873 2048 2212 2130 arripiens
2238 2063 2401 2153 ⁰⁰3¹?
2419 2063 2505 2123 {11-

316 2147 519 2211 duxit
550 2166 786 2212 secum
817 2148 905 2212 ad
948 2149 1397 2232 septuaginta
1438 2149 1658 2212 millia
1701 2148 2011 2231 equitum
2055 2147 2216 2212 lori-
2239 2125 2343 2204 Ἧι.
2377 2124 2470 2153 ⁰⁰¹⁸

317 2254 656 2326 catorum,
709 2252 1021 2332 exceptis
1075 2250 1421 2332 peditibus
1465 2256 1537 2313 et
1581 2248 1916 2332 parvulis,
1965 2248 2215 2312 mulie-

321 2347 533 2426 ribus,
561 2347 1049 2433 equitibusque
1077 2350 1253 2414 levis
1288 2357 1686 2414 armaturae.
1791 2349 2086 2414 Secutus
2109 2356 2218 2412 est

320 2467 595 2532 quoque
655 2449 853 2514 illum
900 2449 1335 2528 LodowicuS,
1382 2469 1509 2514 rex
1559 2449 2010 2526 Francorum,
2061 2469 2216 2512 cum

321 2569 455 2614 non
499 2551 753 2616 minori
795 2571 1081 2616 numero
1126 2558 1574 2629 armatorum,
1618 2551 1738 2634 qui
1781 2550 2216 2634 propositum

324 2650 655 2715 habentes
736 2652 1158 2734 segregatim
1234 2651 1586 2729 invadere,
1655 2657 1736 2714 ut
1797 2648 2220 2714 commodius

323 2750 451 2814 sibi
478 2751 641 2815 vitae
674 2753 1067 2816 necessaria
1098 2759 1169 2816 et
1184 2752 1529 2836 jumentis
1564 2750 1822 2834 pabula
1853 2769 1992 2815 non
2026 2749 2220 2813 dees-

326 2857 501 2927 sent,
532 2851 858 2933 [profecti
880 2854 1103 2933 sunt.]
1158 2846 1632 2916 ²Tmnscursa
1655 2850 1893 2933 itaque
1917 2849 2224 2914 Bavaria

324 2958 393 3015 et
429 2951 760 3015 Danubio
804 2951 1108 3030 flumine,
1149 2951 1461 3028 Austria,
1500 2951 1872 3033 Hungaria
1913 2958 1984 3015 et
2027 2957 2220 3014 utra-

328 3070 457 3133 que
535 3050 927 3129 Pannonia,
1008 3053 1476 3135 Bulgarorum
1546 3051 1757 3117 etiam
1823 3050 2221 3135 provinciiS,

332 3150 586 3215 Moesia
621 3160 693 3217 et
731 3151 981 3229 Dacia,
1014 3154 1294 3218 tandem
1331 3153 1405 3215 in
1439 3151 1810 3215 Thraciam
1854 3148 2224 3215 descende-

330 3259 513 3316 runt.
632 3251 809 3316 Inde
846 3252 1523 3336 Constantinopolim
1554 3250 2034 3334 pervenientes
2067 3269 2224 3312 cum

330 3353 745 3434 imperatore
782 3352 1109 3418 Manuele
1152 3352 1575 3436 colloquium
1613 3351 2043 3428 habuerunt3
2108 3350 2225 3413 de-

330 3451 487 3517 inde
538 3453 835 3517 transito
888 3452 1377 3536 Hellesponto,
1420 3452 1720 3535 Europae
1775 3452 2091 3527 termino,
2151 3450 2227 3513 in

330 3552 761 3636 Bithyniam,
794 3572 952 3635 quae
982 3555 1207 3637 prima
1236 3560 1343 3618 est
1387 3571 1477 3617 ex
1508 3551 1796 3618 Asianis
1827 3551 2226 3635 provinciis,

329 3651 399 3715 in
445 3672 634 3736 pago
684 3652 1179 3718 Calcedonensi
1224 3660 1458 3717 castra
1508 3659 1926 3717 statuerunt.
2029 3650 2230 3714 Tunc

330 3752 711 3837 imperator
730 3752 1206 3819 Romanorum
1221 3753 1607 3830 ConraduS,
1634 3750 2032 3834 transjectis
2051 3749 2230 3813 Bos·

330 3853 622 3937 phorum
682 3853 1071 3936 legionibus
1126 3854 1296 3932 suis,
1358 3861 1429 3918 et
1483 3853 1882 3934 relinquens
1939 3870 1984 3913 a
2054 3850 2236 3913 laeva

399 4019 415 4052 ¹
440 4019 758 4085 Concilium]
806 4020 970 4071 There
992 4036 1132 4070 were
1153 4026 1258 4069 two
1308 4020 1415 4069 The
1444 4019 1647 4069 council
1679 4017 1738 4067 of
1764 4018 1972 4067 Rheims
2005 4033 2116 4068 was
2148 4022 2236 4068 not
2277 4014 2283 4020 ’

328 4092 558 4141 councils
578 4091 699 4141 held
720 4092 771 4140 in
794 4091 897 4140 this
919 4106 1043 4153 year
1073 4107 1139 4140 on
1171 4092 1257 4140 the
1308 4090 1429 4141 held
1452 4091 1582 4140 until
1603 4095 1706 4139 two
1726 4104 1874 4151 years
1896 4089 2214 4139 afterwards.

330 4162 529 4225 subject
550 4162 608 4211 of
633 4162 719 4211 the
752 4162 1014 4224 crusades,
1045 4162 1131 4211 the
1164 4176 1259 4211 one

332 4233 643 4294 atVezelay,
656 4234 745 4282 the
765 4232 909 4281 other
930 4232 1258 4291 atChartres;
1376 4228 1399 4261 ²
1416 4225 1778 4299 Trana-uram]
1833 4228 1981 4280 will.
2017 4230 2139 4292 Tyr.
2185 4246 2238 4291 p.

336 4303 523 4357 Baton.
569 4303 757 4353 Annal.
800 4303 871 4351 ad
908 4318 992 4353 an.
1028 4300 1054 4367 ξ
1088 4307 1136 4352 1.
1178 4306 1259 4353 11.
1307 4304 1423 4351 9⁰1.
1826 4346 1836 4350 -
