3108 5059
773 427 778 434 ⁸
849 451 940 516 90
1357 467 1623 516 Rocmu
1674 467 1769 515 nn
1814 465 2229 514 wennovssn

533 644 643 684 ω).
664 643 777 684 10⁰⁷.
856 626 1040 691 fridi.
1158 626 1512 692 Robertus
1572 626 1720 691 dux
1786 625 2347 691 Normannorum
2410 624 2753 708 quandam

531 695 834 786 ffiffiffim...
859 728 1043 810 cepit
1087 729 1323 792 urbem
1375 727 1619 792 Azena
1672 735 2019 806 vocatam,
2067 734 2139 792 et
2188 727 2379 790 dedit
2423 745 2577 789 eam
2630 745 2757 790 suo

723 695 772 734 ol

858 827 1061 892 militi
1094 827 1418 894 Simeoni.
1523 829 1695 893 Dux
1731 828 2183 894 Boamundus
2222 834 2293 890 et
2330 845 2558 891 comes
2592 825 2761 890 Rei-

859 928 1156 992 mundus
1204 938 1535 1012 ceperunt
1590 929 1800 992 aliam
1846 930 2110 1006 urbem,
2156 946 2367 1012 quam
2412 926 2629 992 Petro
2674 925 2759 990 de

862 1026 1161 1111 Alpibus
1207 1029 1652 1094 contulerunt
1681 1049 1699 1109 ;
1750 1027 1909 1092 inde
1942 1028 2031 1092 ad
2068 1028 2279 1093 Oxan
2317 1027 2610 1111 profecti
2644 1045 2759 1090 ur-

859 1130 1015 1192 bem
1065 1130 1533 1208 obtinuerunt,
1584 1136 1657 1193 et
1715 1128 1969 1193 Petrus
2020 1129 2107 1193 de
2161 1128 2527 1193 Russillun
2576 1125 2761 1208 cepit

862 1229 1122 1294 Rufam
1152 1238 1223 1295 et
1253 1231 1552 1313 plurima
1581 1229 1872 1295 castella
1902 1229 2199 1312 subegit.
2282 1226 2580 1293 Guelsus
2612 1227 2759 1310 qui-

861 1330 1046 1408 dam,
1099 1331 1380 1396 natione
1430 1330 1881 1413 BurgunduS,
1914 1329 2189 1395 Adama
2232 1330 2473 1393 urbem
2522 1327 2760 1410 snbju-

860 1431 1080 1513 gavit,
1133 1438 1204 1496 et
1251 1430 1687 1496 Tancredum
1738 1431 2333 1514 supervenientem
2384 1431 2458 1493 in
2509 1448 2595 1492 ea
2643 1428 2763 1491 be-

861 1531 1070 1613 nigne
1087 1532 1415 1614 suscepit.
1478 1530 1883 1596 Tancredus
1906 1531 2071 1595 inde
2091 1529 2441 1613 profectus
2472 1522 2489 1560 ¹
2507 1529 2761 1594 Mann-

861 1639 1077 1696 stram
1111 1632 1326 1709 venit,
1369 1640 1464 1711 et,
1499 1631 1748 1696 Turcis
1786 1631 2191 1707 intersectiS,
2236 1631 2479 1694 urbem
2526 1627 2763 1712 subju-

862 1732 1104 1814 gavit3
1149 1732 1308 1797 inde
1339 1734 1429 1798 ad
1459 1733 1794 1798 minorem
1812 1731 2312 1797 Alexandriam
2342 1730 2763 1795 descendens

862 1833 1100 1896 urbem
1147 1834 1448 1898 obtinuit
1491 1839 1564 1898 et
1592 1833 2021 1916 provinciam
2048 1833 2183 1896 sibi
2213 1839 2434 1897 totam
2464 1831 2763 1912 subegit.

863 1934 1337 2013 BaldewinuS,
1377 1933 1595 1998 frater
1642 1933 1839 1998 ducis
1872 1932 2257 2011 Godefridi,
2304 1932 2395 1996 ad
2430 1932 2763 2015 majorem

864 2053 1218 2100 reversum
1257 2035 1665 2112 exercitum,
1704 2041 2068 2117 assumpta
2104 2033 2377 2112 militia,
2414 2033 2489 2104 in
2528 2039 2765 2116 partes

865 2136 1440 2216 septentrionales
1470 2134 1851 2213 descendit,
1886 2142 1961 2198 et
2001 2135 2353 2217 regionem
2398 2140 2619 2198 totam
2654 2153 2768 2196 us-

865 2253 1001 2317 que
1068 2234 1159 2298 ad
1213 2233 1643 2317 Euphratem
1692 2235 1767 2298 in
1808 2254 1941 2299 sua
1992 2234 2161 2317 jura
2220 2233 2523 2317 recepit:
2595 2233 2769 2296 exiit

867 2353 1036 2413 ergo
1085 2334 1275 2398 fama
1333 2334 1486 2417 ejus
1539 2335 1631 2398 ad
1672 2334 1861 2399 cives
1920 2334 2340 2412 EdessanoS,
2396 2334 2515 2416 qui
2576 2341 2771 2398 trans

869 2434 1124 2498 flumen
1158 2434 1593 2513 habitabant,
1622 2435 1806 2518 quod
1838 2442 2077 2500 tantus
2108 2435 2428 2518 princeps
2452 2434 2542 2498 de
2564 2441 2770 2516 gente

869 2536 1246 2601 occidentis
1272 2536 1675 2613 advenerat,
1698 2529 1859 2619 ²qui
1883 2545 2211 2602 vocantes
2236 2554 2393 2600 eum
2419 2534 2771 2600 humiliter

872 2637 1239 2718 rogabant,
1267 2643 1346 2701 ut
1389 2637 1521 2702 sibi
1570 2644 1643 2701 et
1684 2656 1833 2701 suae
1876 2636 2148 2702 civitati
2190 2655 2489 2719 praeesse
2527 2636 2771 2717 digna-

871 2743 1086 2803 retur.
1187 2730 1356 2801 ³Est
1382 2744 1618 2802 autem
1652 2736 1917 2801 Edessa
1952 2737 2203 2802 nobilis
2240 2736 2771 2819 Mesopotamiae

871 2837 1146 2915 civitas,
1199 2857 1358 2919 quae
1413 2837 1553 2901 alio
1598 2837 1873 2901 nomine
1920 2837 2159 2919 Rages
2210 2838 2629 2921 appellatur,
2682 2837 2771 2901 ad

873 2954 1086 3019 quam
1134 2936 1396 3003 Tobias
1443 2938 1673 3003 senior
1707 2937 2001 3003 Tobiam
2042 2938 2261 3002 filium
2304 2958 2508 3002 suum
2562 2937 2773 3017 misit,

871 3044 954 3101 ut
986 3057 1029 3101 a
1062 3036 1333 3103 Gabelo
1361 3033 1663 3120 'cognato
1691 3057 1823 3102 suo
1854 3046 2251 3121 reposceret
2290 3038 2525 3103 decem
2552 3038 2773 3103 talen-

872 3146 988 3217 τας
1048 3139 1137 3203 ad
1182 3139 1362 3203 hane
1405 3139 1690 3203 veniens
1742 3139 2214 3218 BaldewinuS,
2266 3158 2313 3203 a
2357 3138 2536 3203 duce
2582 3139 2773 3204 urbis

873 3245 946 3301 et
1010 3239 1269 3322 populo
1339 3239 1665 3304 universo
1738 3259 1895 3304 cum
1967 3238 2192 3322 gloria
2262 3238 2644 3322 suscipitur
2704 3245 2776 3304 et

873 3338 1152 3404 honore.
1240 3338 1415 3405 Inde
1445 3340 1685 3404 urbem
1718 3339 2155 3405 Samosatam
2184 3339 2586 3423 advenienS,
2618 3360 2777 3403 cum

872 3438 1162 3503 vidisset
1209 3458 1362 3503 eam
1410 3440 1613 3522 quasi
1662 3439 2293 3524 inexpugnabilem,
2339 3440 2523 3505 datis
2572 3458 2776 3505 aure·

875 3558 1074 3603 orum
1094 3534 1332 3605 decem
1360 3540 1689 3618 millibus,
1722 3542 1889 3605 emit
1911 3561 2063 3605 eam
2084 3560 2131 3605 a
2162 3540 2335 3605 duce
2370 3541 2675 3606 civitatis
2708 3548 2779 3605 et

875 3638 947 3702 in
978 3659 1110 3703 sua
1143 3640 1310 3723 jura
1338 3641 1635 3723 recepit;
1688 3648 1763 3705 et
1788 3641 1947 3705 inde
1980 3642 2067 3705 ad
2108 3640 2509 3724 Sororgiam
2551 3648 2779 3707 trans-

946 3857 1332 3924 ¹Maumtram.]
1349 3860 1804 3924 ‘Mamistl-am,'C.
1854 3860 2035 3910 render
2074 3875 2195 3923 may
2222 3861 2327 3909 find
2367 3875 2400 3910 a
2434 3860 2660 3909 detailed
2698 3876 2784 3911 ac-

949 3926 1082 3986 'Qm'
1119 3936 1342 3979 vocantes
1373 3931 1522 3995 eum]
1574 3930 1684 3985 The
1718 3945 1805 3993 go·
1856 3935 2010 3981 count
2021 3930 2079 3979 of
2094 3931 2179 3980 the
2196 3931 2476 3980 revolution
2492 3930 2551 3980 of
2566 3931 2783 3993 Edessa,

878 4014 1057 4049 vei-nor
1077 3999 1136 4049 of
1151 4002 1349 4051 Edessa
1369 4005 1422 4049 at
1443 4002 1545 4050 this
1559 4002 1681 4051 time
1696 4016 1807 4050 was
1856 4001 2103 4051 collected
2124 4000 2251 4050 from
2273 4002 2456 4051 Albert
2478 4000 2538 4049 of
2552 4001 2660 4050 Aix
2681 4004 2779 4051 and

877 4070 1158 4133 Theodore,
1200 4087 1258 4121 or
1298 4071 1507 4132 Thoros,
1543 4086 1579 4120 a
1612 4071 1808 4135 Greek,
1856 4072 1998 4121 will.
2042 4070 2102 4119 of
2149 4072 2303 4134 Tyre,
2344 4072 2616 4132 compared
2657 4073 2783 4122 with

878 4141 1060 4202 placed
1097 4141 1238 4191 there
1276 4142 1346 4205 by
1376 4141 1462 4190 the
1496 4156 1726 4205 emperor
1755 4142 1815 4191 of
1857 4142 2107 4191 Matthew
2126 4141 2187 4190 of
2202 4142 2417 4191 Edessa.

878 4211 1309 4273 Constantinople.
1381 4211 1651 4275 Michaud‚
1667 4213 1807 4262 Hist.
1928 4209 1950 4239 ³
1984 4213 2078 4260 Est
2098 4215 2258 4261 autem
2274 4210 2501 4274 Edem]
2536 4210 2783 4275 Compare

879 4280 969 4331 des
1009 4280 1175 4333 Ornis.
1210 4283 1246 4334 i.
1277 4296 1329 4345 p.
1361 4286 1478 4346 254,
1514 4283 1685 4331 where
1723 4284 1807 4332 the
1860 4282 1967 4334 also
1991 4282 2133 4332 Will.
2158 4281 2214 4331 of
2230 4282 2385 4345 Tyre.
2405 4298 2459 4345 p.
2483 4285 2598 4333 682.
