3108 5059
706 414 842 485 876
1185 431 1457 480 nocam
1504 430 1602 481 nn
1649 429 2066 480 wannovssn

708 608 837 655 rex
866 588 1259 673 Anglorum
1292 590 1549 670 senior,
1581 610 1740 655 cum
1785 590 2098 655 audisset
2130 586 2452 655 militiam
2487 588 2617 653 Ri-

710 689 951 757 chardi
1010 690 1137 755 filii
1202 690 1313 755 sui
1378 692 1618 755 urbem
1695 690 2146 756 Santonicam
2209 708 2620 772 occupasse,

712 788 1010 873 sumptis
1050 809 1289 856 secum
1333 790 1920 869 Pictaviensibus‚
1953 790 2044 854 ad
2073 789 2228 874 ejus
2270 788 2622 853 liberatio-

712 908 873 955 nem
916 890 1254 973 processit
1282 910 1303 972 3
1364 891 1626 957 milites
1665 891 1770 956 illi
1823 910 1954 955 nec
1997 890 2154 955 Deo
2197 908 2374 953 neve
2417 907 2624 953 sanc-

715 997 811 1055 tae
842 989 1154 1057 ecclesiae
1194 992 1655 1057 reverentiam
1693 990 2124 1067 exhibentes,
2159 988 2492 1074 majorem
2519 988 2625 1051 in-

718 1089 941 1173 gressi
978 1090 1364 1169 ecclesiam,
1397 1091 1762 1175 ipsamque
1796 1090 1871 1155 in
1903 1089 2268 1155 castellum
2309 1087 2626 1171 redigen-

718 1196 852 1268 tes,
880 1190 1093 1257 armis
1118 1197 1192 1256 et
1219 1190 1638 1256 victualibus
1664 1190 2148 1275 impleverunt.
2186 1188 2365 1253 Cum
2389 1195 2628 1253 autem

718 1308 847 1355 rex
878 1288 1117 1355 hostes
1148 1289 1223 1355 in
1255 1290 1476 1356 tribus
1504 1288 2004 1355 munitionibus
2036 1287 2396 1354 considere
2422 1287 2629 1352 edoc-

718 1396 837 1453 tus
891 1388 1162 1468 fuisset,
1212 1390 1302 1455 ad
1354 1410 1477 1455 eos
1530 1389 2000 1455 invadendum
2039 1408 2324 1473 operam
2365 1388 2629 1471 impen-

718 1486 867 1570 dit3
930 1489 1203 1555 duabus
1242 1488 1458 1572 igitur
1506 1489 2008 1557 munitionibus
2055 1488 2244 1554 illico
2291 1487 2626 1573 subjuga-

720 1588 840 1667 tis,
884 1588 975 1655 ad
1030 1588 1365 1674 majorem
1418 1589 1784 1655 ecclesiam
1841 1588 2176 1655 militibus
2221 1588 2510 1653 armatis
2551 1596 2628 1653 et

718 1686 1310 1757 lenocinatoribus
1385 1690 1712 1755 refertam
1779 1690 2098 1768 accessit,
2157 1689 2260 1755 ita
2337 1694 2418 1753 ut
2483 1707 2626 1752 non

724 1806 879 1853 eam
922 1789 1389 1873 impugnaret,
1422 1790 1548 1855 sed
1587 1809 1632 1856 a
1663 1788 1982 1855 sordibus
2026 1789 2388 1869 liberaret3
2435 1788 2630 1871 capti

726 1894 891 1953 sunt
933 1897 1169 1955 autem
1214 1897 1361 1955 tam
1404 1889 1478 1953 in
1530 1889 1827 1955 ecclesia
1872 1909 2084 1974 quam
2129 1890 2204 1953 in
2255 1888 2412 1953 aliis
2450 1887 2628 1953 locis

727 1988 981 2053 milites
1026 1988 1397 2072 sexaginta
1442 2009 1602 2055 cum
1653 1989 2033 2055 balistariis
2076 1988 2630 2074 quadringentis·

730 2086 993 2153 Positis
1038 2089 1257 2173 igitur
1304 2088 1380 2154 in
1426 2087 1802 2155 securitate
1855 2089 2110 2154 finibus
2153 2088 2320 2167 illis,
2371 2108 2500 2153 rex
2551 2088 2630 2153 in

730 2184 1233 2253 Nol-manniam
1258 2208 1580 2254 reversus
1608 2196 1718 2254 est
1749 2190 2164 2255 necessitate
2196 2188 2630 2272 compulsus3

730 2281 1129 2369 Philippus¹
1155 2288 1363 2367 enim,
1386 2308 1617 2355 comes
1653 2288 2126 2367 Flandrensis,
2149 2294 2492 2371 praesente
2525 2308 2631 2353 re-

730 2404 821 2467 ge
868 2385 1293 2452 Francorum
1342 2388 1714 2454 Lodowico
1771 2397 1844 2453 et
1887 2388 2268 2473 majoribus
2308 2387 2510 2471 regni
2549 2388 2632 2452 il-

730 2484 891 2565 lius,
926 2488 1133 2554 tactis
1176 2488 1638 2556 sacrosanctis
1681 2488 1987 2573 reliquiis
2021 2488 2411 2575 juraverat,
2443 2488 2631 2572 quod

729 2585 914 2652 infra
961 2585 1107 2654 dies
1157 2588 1545 2672 quindecim
1587 2596 1751 2672 post
1792 2589 2062 2654 instans
2110 2589 2364 2654 festum
2407 2590 2636 2654 sancti

728 2684 778 2752 J
782 2685 1078 2752 ohannis
1126 2688 1200 2753 in
1252 2708 1463 2755 manu
1504 2690 1793 2754 robusta
1835 2688 2168 2772 Angliam
2221 2690 2518 2755 intraret
2560 2697 2636 2756 et

730 2786 917 2868 regis
981 2806 1137 2852 eam
1198 2787 1483 2872 juvenis
1546 2789 1920 2874 subjiceret
1987 2789 2347 2873 potestati.
2453 2789 2634 2869 Qua

728 2885 984 2950 fiducia
1024 2906 1152 2951 rex
1182 2887 1423 2970 junior
1468 2896 1736 2954 tractus
1772 2887 1991 2972 pridie
2033 2888 2190 2953 idus
2222 2887 2269 2952 J
2275 2889 2401 2953 ulii
2442 2890 2630 2973 apud

728 2980 1060 3050 Witsand
1094 2987 1321 3066 venit,
1368 2987 1818 3074 Radulphum
1872 2987 1958 3053 de
2009 2988 2083 3054 la
2127 2988 2314 3053 Haie
2361 2990 2436 3053 in
2482 2988 2633 3054 An-

730 3084 945 3167 gliam
984 3105 1141 3150 cum
1193 3087 1410 3152 multa
1463 3089 1715 3154 militia
1762 3089 2337 3170 transmissurus;
2398 3109 2630 3155 comes

726 3184 1183 3252 -Flandrensis
1215 3194 1561 3254 trecentos
1588 3201 1659 3254 et
1685 3189 2068 3255 octodecim
2098 3189 2354 3254 milites
2385 3191 2633 3273 proba-

728 3284 1035 3350 tissimos
1084 3287 1172 3352 ad
1222 3288 1810 3354 transfretandum
1868 3288 2226 3373 praemisit,
2269 3289 2394 3354 sed
2441 3299 2635 3374 post-

727 3403 939 3468 quam
978 3388 1163 3470 apud
1188 3379 1632 3454 ²Arewellam
1664 3390 1738 3454 in
1771 3388 2102 3472 Angliam
2134 3397 2300 3454 sunt
2326 3391 2632 3474 appulsi,

718 3485 993 3550 decimo
1022 3493 1275 3553 octavo
1307 3475 1644 3554 kalendas
1680 3487 1727 3552 J
1732 3489 1880 3567 ulii,
1915 3489 2125 3554 sociis
2159 3509 2397 3554 eorum
2431 3510 2635 3555 max..

714 3585 866 3650 ima
918 3605 1009 3650 ex
1063 3595 1264 3670 parte
1316 3589 1752 3671 periclitatiS,
1800 3588 2177 3672 Hugonem
2235 3589 2466 3673 Bigod
2511 3611 2630 3656 co·

724 3685 965 3750 mitem
1030 3703 1262 3752 secum
1323 3688 1511 3754 illico
1571 3697 2118 3773 assumpserunt.
2227 3688 2632 3758 Norwicum

722 3786 1131 3854 invadentes
1180 3796 1511 3871 ceperunt
1556 3797 1630 3854 et
1676 3789 2019 3854 infinitam
2063 3789 2224 3854 inde
2265 3791 2630 3874 pecuniam

724 3887 1181 3966 sustulerunt,
1222 3888 1479 3954 multos
1524 3889 1967 3954 abduxerunt
2009 3889 2325 3974 captivos
2347 3891 2632 3971 decimo

725 3992 975 4065 quarto
1018 3985 1355 4053 kalendas
1402 3987 1449 4052 J
1453 3989 1578 4053 ulii
1633 3996 1703 4054 et
1747 3990 1835 4054 ad
1888 3989 2425 4073 redemptionem
2472 4011 2634 4073 gra-

795 4159 809 4188 ¹
835 4159 1142 4226 Philippu]
1178 4162 1382 4228 Diceto,
1402 4165 1500 4218 col.
1526 4169 1643 4216 575.
1699 4161 1789 4285 H²
1807 4163 2116 4284 Αζιῖεὶὶιιηι.
2151 4161 2178 4238 ]
2236 4167 2450 4230 Arwell‚
2509 4182 2631 4218 near

1753 4249 1910 4286 arwm
1951 4271 1965 4286 .
