3108 5059
819 462 950 526 434
1319 475 1589 523 nocam
1647 476 1741 522 nn
1787 477 2204 526 wnNnovnn

498 660 609 700 Aa).
631 660 743 699 nas.
821 655 938 700 ces
999 642 1072 698 et
1130 633 1374 697 mediae
1431 652 1678 696 manus
1747 632 2061 698 homines
2117 632 2489 700 bellatores
2558 653 2723 698 con-

824 741 1026 818 cepto
1097 732 1486 798 devotionis
1546 731 1820 798 fervore
1877 733 2252 811 ducuntur,
2310 735 2520 816 qnod,
2580 734 2727 797 suis

824 835 1105 916 regibus
1139 832 1250 897 vel
1283 832 1580 896 dominis
1617 852 1759 897 non
1792 853 1878 898 ex
1886 833 2242 916 spectatiS,
2276 834 2367 896 ab
2400 833 2731 898 extremis

825 933 1065 999 mnndi
1097 932 1412 1016 partibus
1444 931 1809 996 confluunt
1842 932 2145 997 Domino
2178 933 2528 998 servituri.

997 1105 1178 1186 Quod
1197 1103 1592 1170 Salaadinws
1618 1103 1697 1169 ab
1724 1104 1943 1170 thon
1974 1106 2267 1192 confusus
2295 1105 2555 1172 recessit.
2668 1089 2677 1098 ⁶
2716 1181 2721 1186 ⁸

503 1248 674 1290 samm
688 1259 749 1288 10-
964 1229 1130 1293 Rex
1195 1236 1427 1293 autem
1496 1226 2147 1312 Hierosolymamm
2210 1227 2730 1310 peregrinorum

502 1300 784 1390 ἱῗῗέιῗῖῗιο.
827 1327 1270 1393 multitudine
1327 1326 1635 1394 vallatus
1697 1326 1863 1391 fecit
1926 1345 2091 1392 suos
2146 1346 2383 1391 omnes
2444 1326 2531 1390 de
2582 1326 2729 1390 Tu-

828 1448 1000 1492 rono
1035 1427 1472 1504 descendere,
1505 1433 1577 1490 et
1620 1445 1761 1490 nna
1800 1445 1957 1490 cum
1996 1427 2410 1509 peregriniS,
2440 1427 2561 1508 qui
2603 1446 2731 1489 nu-

829 1548 956 1611 per
1012 1526 1460 1604 advenerant,
1513 1532 1676 1591 ante
1742 1526 2097 1591 civitatem
2154 1533 2389 1590 castra
2446 1527 2729 1592 locavit.

834 1627 1009 1692 Post
1065 1626 1214 1690 dies
1265 1633 1497 1691 autem
1553 1643 1815 1708 paucos
1872 1625 2367 1708 superveniens
2422 1625 2737 1690 Salaadi·

833 1745 965 1790 nus
997 1726 1071 1790 in
1104 1745 1314 1790 mann
1353 1726 1641 1790 robusta
1681 1726 2017 1808 impetum
2050 1726 2127 1788 in
2160 1724 2597 1791 Christianos
2630 1727 2731 1789 fe-

833 1827 931 1890 cit
973 1825 1406 1903 acerrimum,
1450 1831 1530 1888 ut
1564 1825 1687 1907 qui
1724 1825 2023 1907 putabat
2052 1843 2171 1889 eos
2214 1826 2479 1889 insultu
2508 1825 2735 1908 primo

835 1925 1255 2005 vincendos3
1303 1931 1378 1990 at
1411 1922 1651 1988 fideles
1692 1924 1767 1988 in
1810 1943 2027 1988 unum
2070 1925 2494 2007 conglobati,
2530 1926 2733 2008 quasi

830 2044 962 2108 ‚pro
1019 2025 1382 2088 animabus
1445 2023 1904 2101 decertanteS,
1956 2024 2250 2089 viriliter
2308 2025 2737 2102 restiterunt,

834 2143 1010 2206 quos
1053 2124 1470 2189 Salaadinus
1515 2122 1963 2205 circumcingi
1988 2123 2269 2206 jubens,
2312 2144 2439 2206 pro
2482 2122 2740 2207 impos-

835 2223 1044 2299 sibili,
1085 2223 1271 2305 quod
1315 2243 1407 2286 ex
1451 2223 1767 2286 omnibus
1820 2241 1946 2306 pes
2000 2241 2179 2288 nnus
2224 2223 2574 2301 evaderet,
2624 2223 2743 2306 ju-

837 2322 1141 2398 dicabat,
1177 2323 1298 2386 sed
1335 2321 1538 2386 aliter
1568 2323 1793 2386 visum
1828 2330 1938 2387 est
1970 2321 2059 2386 Ei
2088 2323 2209 2404 qui
2250 2322 2548 2406 dissipat
2580 2343 2739 2388 con·-

839 2421 998 2485 silia
1027 2422 1496 2503 reproborum.
1545 2419 1735 2486 Nam
1766 2441 1923 2486 cum
1955 2441 2079 2504 per
2105 2421 2411 2486 triduum
2439 2423 2740 2487 insultus

837 2521 1220 2586 infidelium
1284 2521 1591 2605 undique
1647 2521 2071 2587 venientium
2135 2522 2609 2606 pertulissent,
2670 2531 2743 2588 et

827 2620 982 2706 jam
1032 2622 1233 2705 quasi
1275 2622 1618 2685 debilitati
1660 2622 1749 2687 ab
1792 2621 2111 2687 hostibus
2159 2622 2451 2687 deficere
2494 2624 2743 2706 coepis-

839 2728 1019 2797 sent,
1059 2740 1218 2785 ecce
1261 2722 1607 2803 aspiciunt
1650 2720 1943 2785 classem
1988 2741 2145 2786 cum
2187 2722 2550 2787 duodecim
2585 2724 2742 2786 mil-

839 2819 1024 2883 libus
1053 2820 1415 2885 Danorum
1451 2828 1522 2884 et
1558 2819 1930 2885 Frisonnm
1963 2821 2136 2886 velis
2163 2822 2600 2887 sinuantibns
2634 2842 2745 2887 ac-

842 2917 1084 2983 cedere
1139 2919 1228 2983 ad
1273 2930 1575 3003 portum,
1632 2939 1865 3002 quem,
1919 2921 2076 2985 Deo
2121 2922 2533 3005 opitulante,
2584 2942 2741 2987 cum

842 3018 1304 3101 prosperitate
1353 3026 1599 3102 optata
1645 3019 2101 3087 intraverunt.
2198 3021 2335 3085 His
2378 3029 2451 3086 et
2500 3021 2744 3105 hujus-

843 3118 1052 3195 modi,
1098 3138 1254 3201 quae
1306 3118 1565 3183 fiebant
1609 3120 1909 3198 assidue,
1960 3120 2341 3186 visionibus
2387 3130 2743 3204 permotus

840 3216 1258 3283 Salaadinus
1304 3218 1635 3283 confusus
1686 3219 1776 3283 ad
1821 3227 2023 3284 terrae
2068 3238 2217 3285 suae
2259 3220 2586 3285 inferiora
2628 3221 2747 3285 de-

840 3317 1135 3383 scendit.

1144 3489 1243 3552 De
1285 3509 1504 3573 mayno
1536 3489 1962 3575 impedimento
1997 3500 2177 3557 terrae
2206 3500 2446 3557 sanotae.

516 3630 787 3719 gzfflranoes
904 3662 910 3669 .
978 3611 1301 3677 Accessit
1352 3619 1586 3677 autem
1635 3614 1745 3679 his
1795 3614 2037 3680 diebus
2092 3616 2183 3680 ad
2232 3623 2437 3681 terrae
2484 3626 2747 3683 sanctae

519 3730 716 3773 emme.
847 3731 1175 3795 magnum
1231 3712 1795 3801 impedimentum
1856 3714 2225 3792 discordia,
2290 3735 2447 3797 quae
2503 3738 2748 3802 nuper,

841 3820 916 3877 et
959 3820 1119 3897 post
1165 3832 1434 3877 crucem
1475 3820 1897 3896 susceptam,
1940 3813 2122 3879 inter
2166 3834 2398 3898 regem
2448 3816 2750 3883 Franco-

839 3931 998 3975 rum
1027 3919 1100 3976 et
1131 3912 1452 3978 comitem
1487 3911 1998 3979 Pictaviensem
2035 3914 2459 3979 Richardum
2488 3936 2580 3981 ex
2612 3937 2753 3983 una

849 4017 1046 4093 parte
1087 4018 1174 4075 -et
1230 4011 1638 4091 Henricum,
1694 4032 1929 4096 regem
1982 4014 2401 4096 Anglorum,
2447 4017 2754 4082 surrexit

851 4128 940 4173 ex
1003 4110 1248 4188 altera,
1301 4111 1474 4175 adeo
1533 4113 1810 4196 quidem
1864 4120 1946 4179 ut
1990 4120 2241 4180 mutua
2310 4114 2399 4178 ad
2454 4114 2752 4181 invicem

846 4207 1133 4275 castella
1178 4212 1603 4293 surriperent
1648 4220 1718 4277 et
1763 4214 1984 4277 multa
2018 4214 2205 4278 mala
2246 4214 2319 4276 in
2364 4214 2751 4281 homicidiis
