3108 5059
472 858 581 898 As).
606 859 719 897 11⁸9.

472 908 611 947 Βοιὼ
626 908 677 947 os

472 959 621 1008 Henry
638 958 701 999 11.

794 470 947 551 444,
1300 486 1572 535 aocssai
1619 486 1716 533 na
1759 486 2183 535 wannovmz

1340 723 1441 787 Do
1472 730 1662 787 mor-to
1689 720 1850 807 reyie
1875 721 2166 785 Hom-ici.

900 846 1063 911 Rex
1110 846 1463 911 Heni-icus
1506 847 1594 911 de
1639 844 1988 929 colloquio
2031 851 2329 909 moestus
2361 845 2566 909 valde
2611 844 2702 909 ad

799 946 1183 1011 Chinonem
1258 947 1570 1023 venienS,
1644 946 1844 1028 gravi
1923 952 2160 1009 tactus
2242 943 2704 1021 incommodo,

798 1039 1193 1111 maledixit¹
1248 1044 1387 1111 diei
1440 1046 1514 1109 in
1565 1064 1705 1127 quo
1754 1051 1966 1110 natus
2017 1043 2298 1123 fuerat3
2358 1050 2432 1107 et
2481 1042 2582 1107 sic
2625 1045 2702 1106 in

797 1146 1093 1228 angaria
1132 1145 1403 1228 positus
1446 1144 1630 1209 infra
1675 1144 1980 1209 triduum
2039 1150 2202 1225 post
2260 1142 2700 1207 concordiam

798 1244 1053 1309 factam
1112 1245 1295 1309 diem
1362 1243 1618 1308 elausit
1679 1250 2094 1307 extremum.
2211 1241 2405 1306 Obiit
2465 1248 2696 1306 autem

796 1352 1169 1427 postquam
1244 1349 1663 1425 regnaverat
1735 1341 1940 1407 annis
2011 1342 2306 1424 triginta
2379 1348 2702 1423 quatuor,

796 1444 1148 1507 mensibus
1202 1450 1491 1525 septem,
1565 1442 1808 1507 diebus
1871 1442 2206 1524 quinque,
2256 1433 2284 1471 ²
2300 1440 2373 1503 in
2427 1440 2696 1505 octavis

797 1542 1271 1625 apostolorum
1306 1541 1503 1607 Petri
1537 1551 1610 1607 et
1646 1541 1883 1605 Pauli.
1965 1534 1990 1572 ³
2005 1540 2095 1603 In
2121 1540 2428 1604 crastino
2458 1540 2696 1622 itaque

794 1660 953 1706 cum
1018 1648 1421 1724 portaretur
1473 1640 1564 1705 ad
1621 1640 2117 1723 sepeliendum,
2167 1638 2362 1720 regio
2417 1638 2702 1703 indutus

796 1748 1166 1825 apparatu,
1200 1760 1529 1806 coronam
1559 1742 1634 1804 in
1666 1741 1896 1823 capite
1939 1756 2188 1821 gerens
2231 1756 2538 1817 auream,
2582 1738 2706 1803 ha-

796 1843 1104 1924 bensque
1170 1838 1603 1907 chirothecas
1664 1840 1740 1903 in
1813 1839 2156 1917 manibus,
2229 1837 2707 1903 calceamenta

792 1960 968 2005 auro
1018 1948 1358 2005 contexta
1402 1940 1476 2004 in
1519 1938 1836 2023 pedibuS,
1871 1938 2193 2014 calcaria,
2245 1936 2580 2002 annulum
2629 1938 2702 2001 in

799 2038 1021 2121 dig-ito
1066 2060 1353 2104 aureum
1408 2048 1481 2103 et
1520 2040 1596 2103 in
1641 2058 1850 2103 manu
1896 2045 2270 2121 sceptrum,
2315 2038 2702 2102 accinctus-

801 2158 937 2221 que
988 2138 1249 2221 gladio‚
1298 2140 1812 2222 discoopertum
1878 2137 2142 2201 habens
2189 2135 2460 2202 vultum
2513 2136 2706 2220 jace-

799 2237 949 2300 bat.
1051 2238 1259 2317 Quod
1310 2258 1467 2303 cum
1516 2226 1880 2302 ‘Richardo
1925 2236 2070 2301 filio
2121 2256 2254 2301 suo
2305 2236 2702 2300 nuntiatum

800 2335 1073 2410 fuisset,
1119 2336 1532 2401 festinanter
1571 2338 1856 2401 eivenit
1899 2336 2174 2401 obviam
2205 2356 2226 2415 3
2278 2354 2416 2417 quo
2458 2354 2706 2418 super-

800 2434 1145 2509 veniente,
1191 2432 1551 2498 confestim
1609 2434 1922 2497 manavit
1973 2436 2262 2515 sanguis
2297 2453 2388 2495 ex
2422 2434 2705 2498 naribus

800 2533 987 2615 regis
1024 2533 1358 2611 defuncti,
1402 2552 1487 2598 ac
1540 2531 1604 2596 si
1657 2531 2138 2614 indignaretur
2185 2533 2474 2615 spiritus
2522 2534 2706 2616 regis

801 2634 875 2695 in
939 2633 1245 2698 adventu
1302 2633 1480 2717 ejus,
1540 2633 1662 2714 qui
1717 2632 1961 2698 mortis
2017 2632 2240 2715 ipsius
2287 2639 2502 2696 causa
2551 2653 2704 2697 esse

802 2732 1252 2809 credebatur-3
1300 2733 1486 2815 quod
1520 2731 1766 2796 videns
1797 2749 2028 2796 comes
2065 2731 2459 2796 Richardus
2509 2750 2702 2796 ama-

803 2831 1071 2894 rissime
1118 2831 1283 2894 flere
1330 2830 1573 2912 coepit,
1622 2838 1696 2895 et
1739 2830 2209 2895 inaestimabili
2257 2832 2706 2912 perturbatus

802 2929 1131 3010 angustia
1208 2947 1429 3010 usque
1508 2928 1601 2992 ad
1673 2929 2306 2992 Fontem-Ebraudi
2377 2929 2702 2995 feretrum

802 3046 1103 3110 sequens
1177 3044 1429 3110 corpus
1502 3027 1724 3109 patris
1797 3026 1931 3102 sui,
1971 3025 2099 3090 'ab
2167 3026 2706 3110 archiepiscopis

802 3125 1197 3191 Turonensi
1234 3133 1306 3190 et
1342 3126 1756 3191 Treverensi
1801 3125 2052 3190 divinis
2103 3125 2469 3190 celebratis
2516 3146 2706 3209 mys-

804 3226 1025 3302 teriiS,
1078 3224 1270 3302 fecit,
1300 3225 1674 3289 honorifice
1735 3224 2090 3289 tumulari.
2225 3225 2318 3288 Et
2345 3295 2350 3300 ,
2379 3226 2706 3307 quoniam

803 3325 983 3390 idem
1011 3337 1137 3387 rex
1166 3324 1390 3388 adhuc
1431 3325 1675 3390 vivens
1710 3343 1900 3407 saepe
1948 3323 2174 3388 dicere
2227 3332 2705 3401 consueverat,

804 3427 1035 3491 orbem
1098 3423 1497 3487 universum
1563 3424 1682 3487 uni
1732 3443 1872 3488 non
1925 3422 2237 3488 sufficere
2280 3422 2528 3488 debere
2578 3444 2706 3507 pro

804 3533 968 3590 voto
1003 3517 1321 3608 principi,
1356 3522 1722 3609 inscriptio
1752 3521 1940 3586 illius
1973 3519 2220 3586 tumuli
2253 3523 2416 3587 talis
2446 3530 2645 3604 ,erat3

921 3723 939 3754 ‘
964 3717 1092 3774 Rex
1120 3716 1407 3775 Henrieus
1433 3733 1609 3784 eram,
1636 3714 1777 3772 mihi
1804 3714 2048 3792 plurima
2073 3731 2250 3790 regna
2277 3713 2498 3789 subegi,

1042 3812 1467 3892 Multiplieique
1492 3810 1682 3879 modo,
1711 3811 1937 3887 duxque
1964 3827 2266 3886 comesque
2289 3808 2402 3867 fui.

874 4028 891 4061 ¹
908 4030 1181 4078 Maledioeit
1212 4029 1311 4079 dien·
1354 4029 1409 4078 iu
1451 4045 1544 4092 quo
1587 4033 1734 4079 natus
1850 4025 1871 4055 ³
1888 4027 1951 4076 In
1971 4027 2156 4077 octavis
2172 4028 2492 4090 apostoloram
2501 4029 2650 4077 Petri
2663 4035 2713 4078 et

790 4100 1009 4162 suerat]
1044 4099 1128 4148 He
1150 4099 1370 4147 invoked
1392 4099 1477 4149 the
1500 4115 1649 4149 curse
1681 4099 1740 4148 of
1783 4097 1978 4160 Paula]
2011 4098 2119 4146 The
2141 4097 2229 4146 eth
2253 4097 2312 4146 of
2324 4097 2358 4146 J
2365 4097 2470 4158 uly.

802 4170 920 4220 God
945 4183 1081 4228 upon
1111 4167 1191 4216 his
1226 4181 1343 4216 sons
1372 4169 1500 4230 also,
1528 4169 1732 4219 accord·
1857 4165 1948 4215 θ1η
1971 4162 2242 4235 θωπί-πω]
2290 4167 2550 4218 Benedict.
2573 4167 2707 4218 Abb.

802 4240 890 4301 ing
913 4243 963 4287 to
989 4236 1253 4298 Hoveden,
1276 4251 1326 4296 p.
1346 4241 1459 4286 654.
1781 4252 1832 4298 p.
1857 4241 1972 4287 547.
