3108 5059
850 460 985 527 394
1350 472 1623 522 nocam
1671 472 1768 521 ns
1812 470 2230 522 wnnnovnn

532 656 645 697 ω).
666 654 779 695 mn.
856 639 1075 717 geret.
1176 630 1431 697 Adhuc
1488 629 1614 696 illo
1675 644 2048 712 pauperem
2099 627 2174 691 in
2238 624 2422 691 hunc
2477 622 2760 689 modum

530 705 831 808 ¹12⁸&
856 732 1307 809 convitiante,
1358 736 1431 795 et
1492 749 1656 795 ecce
1709 736 2008 811 utroque
2059 726 2276 793 fundo
2321 726 2488 791 dolii
2541 725 2763 807 impe-

858 841 1059 899 tuose
1094 831 1363 908 evulso,
1408 830 1482 893 in
1526 830 1763 914 platea
1809 827 2104 893 cervisia
2141 826 2588 903 fundebatur,
2623 825 2764 888 sic·

856 953 993 1016 qne
1026 931 1289 997 factum
1318 937 1451 1007 est,
1488 936 1570 994 ut
1615 928 1819 1012 cujus
1861 926 2394 1011 portiunculam,
2434 925 2762 1008 martyris

857 1032 1135 1099 nomine
1214 1036 1475 1114 spreto,
1536 1035 1942 1111 negaverat,
2011 1033 2429 1111 procurante
2485 1032 2760 1101 sancto,

858 1153 1003 1199 non
1040 1131 1265 1199 solum
1314 1150 1583 1215 pauper
1621 1129 1768 1207 ille,
1811 1128 1936 1193 sed
1969 1134 2042 1191 et
2069 1127 2194 1191 alii
2217 1126 2424 1207 multi
2449 1144 2608 1189 cum
2649 1144 2762 1201 eo,

860 1234 1025 1299 fixis
1072 1234 1149 1299 in
1192 1239 1451 1297 terram
1494 1230 1810 1313 genibus,
1855 1226 2296 1305 sufficienter,
2345 1225 2540 1291 nullo
2599 1244 2764 1308 pro-

857 1334 1161 1411 bibente,
1194 1337 1541 1417 potarent.
1613 1330 1970 1414 Repressa
1989 1328 2232 1409 igitur,
2263 1333 2570 1409 martyre
2597 1344 2760 1408 pro-

858 1440 1169 1511 curante,
1214 1450 1700 1515 perversorum
1751 1430 2087 1513 nequitia,
2131 1426 2411 1493 devotio
2449 1425 2756 1490 fidelium

858 1533 1105 1617 recipit
1138 1532 1323 1615 quod
1364 1538 1710 1610 meretur3
1765 1548 1926 1593 nam
1977 1529 2198 1594 tribus
2245 1526 2596 1591 continuis
2633 1525 2758 1608 qui

856 1634 1321 1717 sequebantur
1349 1632 1594 1696 diebus
1621 1631 1854 1695 decem
1893 1629 2255 1711 utriusque
2287 1646 2504 1691 sexus
2534 1625 2760 1691 homi-

859 1754 983 1799 nes
1030 1753 1079 1797 a
1116 1730 1409 1798 diversis
1454 1731 1998 1807 infirmitatibus,
2047 1727 2136 1793 ad
2183 1727 2461 1792 laudem
2505 1725 2643 1791 Dei
2687 1732 2766 1789 et

856 1835 1043 1900 beati
1074 1834 1421 1917 martyris,
1448 1836 1861 1913 receperunt
1888 1828 2254 1913 pristinam
2282 1827 2680 1892 sanitatem.

954 2006 1055 2071 De
1081 2004 1419 2071 inventione
1444 2004 1651 2070 sancti
1677 2000 2051 2088 Amphibali
2079 2025 2218 2069 oum
2245 2023 2456 2069 novom
2481 2001 2666 2067 sociis

1731 2124 1881 2168 ww.

958 2227 1401 2293 Glarescente
1450 2226 1728 2293 interim
1775 2226 1914 2304 die,
1959 2244 2167 2309 quem
2209 2234 2612 2292 sanctorum
2659 2226 2764 2291 in·-

857 2327 1095 2393 ventio
1128 2328 1606 2405 consecrabat,
1639 2327 2058 2391 venerabilis
2105 2335 2310 2410 pater
2359 2327 2600 2392 Simon
2639 2328 2764 2391 ab·

859 2428 985 2493 bas
1044 2427 1275 2493 locum
1322 2428 1497 2491 adiit
1548 2428 2084 2505 sanctissimum,
2137 2434 2210 2493 et
2261 2428 2630 2493 celebratis
2687 2428 2763 2491 in

856 2528 1129 2613 capella
1158 2528 1387 2593 sancti
1416 2526 1465 2592 J
1471 2528 1697 2606 acobi,
1723 2526 1880 2594 loco
1910 2527 2014 2592 illi
2047 2528 2407 2611 contiguo,
2447 2528 2522 2592 in
2550 2548 2759 2594 vene-

860 2630 1197 2694 rationem
1225 2629 1413 2693 beati
1454 2629 1784 2712 martyris
1813 2627 2098 2706 Albani,
2141 2639 2404 2694 nostrae
2449 2629 2764 2712 redemp-

858 2730 1067 2794 tionis
1108 2729 1480 2812 mysteriiS,
1526 2728 1910 2804 monachis,
1951 2729 2076 2810 qui
2125 2727 2439 2806 aderant,
2479 2735 2561 2793 ut
2603 2729 2762 2794 dili-

857 2835 1102 2910 genter
1128 2834 1541 2911 quaererent,
1571 2834 1643 2892 et
1672 2828 1988 2911 pluribus
2019 2828 2350 2893 adhibitis
2377 2829 2762 2894 fossoribus

858 2935 939 2992 ut
980 2928 1231 3010 coeptis
1278 2928 1702 3006 insisterent,
1733 2929 2122 3012 imperavit.
2229 2927 2494 2994 Fuerat
2523 2937 2762 2994 autem

856 3028 1127 3111 capella
1173 3027 1297 3092 illa
1351 3027 1736 3111 antiquitus
1778 3028 1852 3092 in
1903 3027 2239 3093 honorem
2279 3029 2610 3114 martyris
2657 3029 2764 3093 sa-

859 3129 1129 3192 bricata
1172 3133 1458 3211 propter
1494 3127 1892 3210 frequentes
1936 3129 2234 3194 caelestis
2278 3129 2512 3194 radios
2557 3129 2764 3208 lucis,

858 3229 979 3310 qui
1009 3228 1405 3310 pastoribus
1434 3227 1712 3310 vigilias
1743 3229 1970 3292 noctis
1997 3248 2209 3312 snper
2239 3249 2524 3311 gregem
2555 3248 2759 3294 suum

857 3329 1225 3409 agentibus
1256 3327 1511 3392 ibidem
1538 3335 2052 3410 apparuerant3
2118 3328 2301 3392 unde
2353 3328 2586 3395 dictus
2631 3331 2760 3394 ab-

855 3428 1007 3505 bas,
1034 3429 1109 3492 in
1152 3426 1393 3492 eodem
1435 3426 1591 3492 loco
1619 3426 1856 3492 divina
1897 3428 2254 3492 celebrans
2293 3437 2760 3508 sacramenta,

856 3545 1066 3610 super
1110 3526 1403 3592 instanti
1454 3527 1738 3608 negotio
1793 3527 1984 3592 beati
2031 3529 2360 3612 martyris
2416 3530 2760 3596 auxilinm

854 3627 1275 3710 imploravit.
1402 3625 1718 3692 Reverso
1765 3626 2006 3709 itaque
2061 3628 2342 3693 domum
2389 3631 2644 3695 abbate
2688 3640 2764 3697 et

846 3726 999 3809 jam
1053 3746 1209 3792 cnm
1266 3732 1612 3790 conventu
1665 3726 1756 3790 ad
1800 3728 2172 3810 prandium
2218 3729 2529 3806 sedente,
2571 3731 2766 3813 lege·

855 3829 1062 3891 batur
1095 3826 1331 3909 passio
1364 3826 1553 3891 beati
1586 3828 1942 3908 martyriS,
1983 3848 2192 3911 quem
2221 3832 2655 3912 quaerebant,
2685 3840 2764 3896 et

856 3926 1199 3988 sociorum
1236 3925 1298 4008 ej
1308 3945 1413 4003 uS,
1448 3945 1573 4008 per
1611 3945 1820 4008 quam
1866 3929 2098 3992 carnis
2142 3929 2502 4012 ergastulo
2545 3931 2765 3997 soluti

856 4034 1383 4104 promeruerunt
1404 4026 1696 4106 gloriam
1725 4028 2245 4110 sempiternam.
2321 4030 2514 4094 Dum
2543 4030 2770 4113 igitur

854 4121 1129 4184 saevitia
1177 4123 1461 4206 judicis,
1523 4125 1840 4191 lictorum
1894 4127 2319 4206 immanita-⁶1,
2370 4138 2762 4214 martyrum

853 4219 1211 4301 patientia,
1243 4231 1316 4287 et
1348 4244 1533 4290 mors
1564 4227 1908 4309 prolixius
1941 4229 2236 4295 recitata
2285 4229 2442 4315 pias
2489 4239 2766 4298 mentes
