3108 5059
863 466 992 528 170
1367 481 1637 530 nocam
1685 481 1781 528 ms.
1826 479 2243 530 wmmovssu

538 666 647 707 Α».
671 667 783 706 non.
865 647 1031 718 tem,
1065 641 1186 704 sed
1230 660 1392 724 pars
1426 640 1654 725 major
1692 641 2041 705 exercitus
2074 660 2150 704 se
2190 639 2501 705 Roberto
2534 637 2773 702 subdi-

863 739 968 804 dit
1025 740 1356 806 venienti.
1485 741 1663 804 Cum
1732 760 1901 822 ergo
1960 741 2145 823 apud
2210 737 2775 804 Portesmutham

865 847 1030 904 ante
1073 839 1410 905 kalendas
1449 839 1759 923 Augusti
1794 841 2267 924 applicuisset,
2304 847 2378 904 et
2410 857 2538 904 rex
2572 836 2776 902 tend-

863 947 1011 1004 eret
1046 949 1292 1007 contra
1321 960 1476 1006 eum
1512 961 1671 1004 cum
1710 941 2018 1005 exercitu
2066 941 2377 1023 copioso,
2421 938 2771 1022 principes

864 1041 1212 1123 utrinque,
1237 1042 1527 1106 fratrum
1557 1060 1695 1105 non
1722 1041 2021 1105 ferentes
2043 1040 2431 1116 dissidium,
2458 1032 2777 1103 ¹concor-

865 1140 1000 1205 diae
1039 1140 1270 1206 foedus
1315 1142 1498 1206 inter
1549 1160 1671 1205 eos
1708 1141 1835 1205 tali
1879 1148 2089 1224 pacto
2126 1145 2550 1217 statuerunt,
2586 1136 2776 1220 quod

866 1260 995 1305 rex
1063 1241 1374 1307 Roberto
1434 1241 1638 1305 annis
1695 1241 1991 1323 siugulis
2047 1240 2185 1304 tria
2234 1239 2453 1303 millia
2504 1255 2778 1301 marcas

869 1342 1143 1422 argenti
1203 1340 1402 1405 daret
1460 1342 1549 1405 ab
1595 1338 1883 1422 Anglia,
1935 1348 2007 1405 et
2054 1340 2177 1422 qui
2228 1358 2465 1405 eorum
2514 1338 2778 1402 diutius

869 1442 1137 1506 viveret
1176 1441 1397 1505 haeres
1437 1448 1624 1506 esset
1658 1440 1971 1517 alteriuS,
2010 1440 2071 1504 si
2104 1441 2369 1522 absque
2398 1439 2540 1502 filio
2572 1435 2781 1501 mori-

869 1548 1083 1605 retur.
1188 1540 1350 1605 Hoc
1391 1548 1623 1605 autem
1664 1559 1823 1604 cum
1863 1560 1988 1624 per
2012 1539 2372 1604 duodecim
2414 1545 2779 1620 magnates

864 1639 1178 1723 juratum
1229 1648 1416 1705 esset
1471 1641 1822 1723 utrinque,
1865 1641 2013 1704 dux
2060 1639 2415 1704 Robertus
2460 1637 2779 1721 perendi-

871 1741 1069 1805 navit
1096 1759 1251 1804 cum
1289 1740 1504 1805 fratre
1534 1758 1756 1824 usque
1801 1741 1890 1804 ad
1921 1738 2174 1805 festum
2204 1740 2431 1803 sancti
2464 1737 2776 1802 Michae-

869 1838 982 1917 lis,
1029 1846 1102 1904 et
1150 1848 1396 1923 postea
1445 1840 1533 1904 ad
1584 1841 1865 1923 propria
1909 1839 2407 1906 transfretavit.
2512 1837 2776 1902 Eodem

870 1958 1056 2004 anno
1120 1940 1498 2018 Henricus‚
1562 1940 1957 2005 Romanum
2022 1941 2319 2023 adeptus
2384 1938 2777 2021 imperium,

869 2034 1272 2123 imperavit²
1322 2042 1524 2105 annis
1582 2040 1872 2123 triginta
1928 2040 2250 2124 quinque.
2374 2036 2777 2120 Eodemque

871 2147 1005 2203 tem
1013 2160 1182 2222 pore
1235 2160 1364 2204 rex
1416 2140 1491 2203 H
1497 2128 1797 2205 enricus⁸
1819 2140 2010 2204 dedit
2058 2140 2533 2223 episcopatum
2592 2137 2778 2201 Her-

869 2239 1258 2304 fordensem
1295 2240 1662 2307 Reinelmo
1705 2240 1979 2305 cuidam
2020 2241 2171 2304 sine
2200 2240 2536 2304 electione
2566 2238 2781 2313 facta,

871 2346 941 2403 et
975 2347 1223 2404 contra
1265 2342 1428 2405 novi
1473 2341 1753 2406 decreta
1783 2341 2057 2405 concilii
2102 2340 2329 2424 ipsum
2363 2338 2640 2421 publice
2674 2337 2780 2400 in-

868 2440 1176 2504 vestivit.

944 2591 1043 2654 De
1072 2589 1327 2655 concilio
1355 2590 1536 2677 apud
1559 2589 1921 2655 Londonias
1947 2587 2154 2653 habito
2183 2598 2240 2655 et
2267 2588 2711 2675 deqradationo

1457 2691 1848 2775 quorundam
1875 2687 2186 2754 abbatwm.

547 2834 671 2933 333
681 2834 791 2922 '21⁰²'
974 2809 1182 2875 Anno
1206 2813 1489 2876 Domini
1513 2830 1699 2878 Mon.
1723 2833 1851 2877 rex
1869 2812 2259 2895 Anglorum
2284 2812 2635 2877 Henricus
2659 2814 2781 2880 ob-

549 2934 739 2973 mumm
872 2912 1050 2976 sedit
1080 2912 1442 2977 castellum
1476 2910 1816 2991 Arundel,
1853 2914 2037 2997 quod
2071 2920 2221 2977 erat
2246 2913 2427 2997 juris
2449 2906 2781 2979 ³Roberti

545 2985 692 3025 ⁰³⁸⁰*
873 3011 958 3075 de
1006 3011 1329 3076 Bleasmo
1384 3019 1631 3076 contra
1690 3032 1923 3095 regem
1966 3011 2138 3077 illud
2184 3014 2593 3094 retinentis;
2658 3014 2780 3079 sed

876 3130 1032 3176 cum
1057 3132 1272 3194 grave
1298 3120 1483 3177 esset
1503 3112 1593 3177 ad
1616 3110 2182 3196 expugnandum,
2206 3113 2567 3178 castellum
2593 3113 2783 3179 aliud

877 3213 1180 3295 ligneum
1227 3219 1468 3277 contra
1505 3212 1680 3276 illud
1726 3214 2144 3291 construxit,
2189 3220 2262 3278 et
2308 3213 2584 3278 interim
2630 3234 2783 3279 cas-

879 3313 1120 3376 tellum
1160 3312 1247 3377 de
1293 3313 1566 3395 Bruges
1611 3313 1880 3379 obsedit
1924 3320 1994 3377 et
2039 3314 2248 3397 cepit,
2291 3312 2508 3377 donec
2559 3312 2783 3379 reddi-

879 3419 1026 3476 tum
1077 3420 1226 3477 erat
1271 3413 1336 3476 ei
1379 3413 1741 3478 castellum
1781 3413 2118 3491 Arundel,
2164 3420 2258 3490 et,
2304 3420 2510 3497 capto
2556 3415 2782 3478 muni-

877 3512 1083 3598 cipio,
1132 3531 1259 3576 rex
1296 3512 1684 3578 Robertum
1726 3514 1813 3578 de
1854 3513 2178 3577 Bleasmo
2229 3514 2318 3577 ab
2351 3511 2615 3595 Anglia
2664 3534 2785 3579 ex-

875 3612 1157 3677 sulavit.
1263 3612 1524 3677 Eodem
1578 3632 1762 3677 anno
1811 3612 2213 3690 AnselmuS,
2259 3612 2785 3679 Cantuariensis

950 3768 964 3798 ¹
995 3771 1276 3821 Concordia
1290 3770 1473 3830 foedus.
1498 3766 1522 3841 ]
1545 3772 1654 3821 The
1688 3787 1804 3822 con·
1853 3788 2023 3835 many,
2054 3772 2107 3820 in
2135 3776 2293 3831 11063
2337 3773 2430 3821 but
2464 3772 2555 3821 did
2592 3778 2683 3822 not
2712 3788 2786 3823 re·

877 3842 1066 3892 ditione
1110 3857 1198 3891 are
1240 3843 1390 3904 given
1433 3843 1502 3904 by
1546 3842 1633 3892 the
1681 3843 1803 3893 Sax.
1854 3844 1994 3893 ceive
2038 3842 2123 3892 the
2162 3843 2392 3903 imperial
2442 3857 2615 3891 crown
2656 3844 2783 3892 until

877 3912 1065 3963 Chron.
1089 3913 1192 3961 and
1215 3912 1474 3963 Florence.
1856 3912 1975 3962 13th
2008 3912 2067 3960 of
2092 3912 2243 3974 April
2271 3916 2419 3963 1111.
2492 3912 2597 3961 His
2630 3913 2781 3963 death

947 3979 968 4012 2
985 3982 1252 4045 Imperavit
1265 3982 1410 4032 annis
1431 3982 1646 4045 triginta
1662 3983 1805 4047 quin·
1855 3984 1901 4033 is
1922 3982 2165 4032 recorded
2178 3983 2346 4031 below
2360 3981 2551 4045 rightly
2564 3983 2619 4030 in
2638 3986 2781 4032 1120.

875 4053 1008 4117 qua]
1034 4052 1143 4101 The
1163 4067 1393 4113 emperor
1415 4054 1593 4115 Henry
1608 4055 1673 4103 V.
1696 4069 1807 4103 was
1924 4051 1947 4083 ⁸
1972 4051 2175 4101 Roberti
2195 4054 2255 4101 de
2290 4052 2562 4116 Bleza-emm]
2598 4054 2787 4102 Robert

875 4122 1164 4174 associated
1186 4122 1311 4171 with
1335 4122 1416 4171 his
1449 4123 1615 4174 father
1645 4126 1696 4172 in
1721 4124 1806 4174 the
1854 4124 1919 4173 de
1944 4124 2195 4183 Belesme,
2220 4123 2328 4172 earl
2348 4122 2408 4171 os
2421 4122 2784 4184 Shrewsbury:

875 4194 1086 4256 empire,
1120 4192 1173 4240 in
1212 4196 1372 4252 10083
1406 4195 1711 4255 succeeded,
1742 4209 1805 4243 on
1856 4194 1921 4255 by
1944 4193 2030 4243 the
2063 4192 2221 4242 castle
2252 4192 2312 4242 of
2341 4193 2560 4255 Bruges,
2596 4193 2784 4255 Bridg-

876 4264 957 4313 his
979 4258 1184 4312 father’s
1200 4262 1374 4326 death,
1389 4278 1448 4313 as
1467 4262 1593 4327 king
1608 4264 1666 4314 of
1678 4265 1809 4315 Ger·
1854 4263 2001 4314 north
2023 4264 2069 4312 is
2091 4262 2351 4313 intended.
