3108 5059
920 530 1198 579 smnus
1247 529 1787 580 msromAnuM'.
2164 515 2298 581 323

377 685 922 769 Cantuariensi;
985 689 1498 755 denuntiabunt
1558 690 1791 767 etiam,
1854 690 2039 772 quod
2099 691 2292 772 quic?
2316 713 2561 803 &42⁶³

373 787 540 868 quid
585 787 900 853 Thomas
955 789 1121 854 fecit
1167 791 1242 853 in
1304 790 1576 853 irritum
1650 795 1997 854 revocent.
2124 789 2287 854 Hoc
2313 814 2363 851 or
2374 814 2534 854 necnee

372 886 584 950 etiam
647 890 1130 971 postulabunt,
1202 895 1285 953 ut
1357 908 1590 953 coram
1657 889 1758 953 eis
1823 908 2008 972 papa
2058 889 2286 973 jurari
2311 864 2397 904 ⁸¹¹⁶
2414 865 2570 905 σω

371 983 588 1050 saciat
635 988 939 1071 publice,
987 989 1172 1071 quod
1223 990 1374 1071 ipse
1421 996 1493 1053 et
1545 1007 1981 1053 successores
2038 989 2148 1052 sui
2212 999 2284 1054 et

371 1085 540 1149 mihi
620 1095 694 1152 et
771 1089 1094 1152 omnibus
1181 1088 1352 1152 meis
1439 1089 1668 1170 regias
1748 1088 2280 1154 consuetudines

372 1183 671 1251 Henrici
724 1188 914 1270 regis
972 1189 1090 1253 avi
1149 1189 1286 1252 mei
1345 1187 1795 1252 inconcussas
1857 1195 1929 1252 et
1987 1187 2281 1252 inviola-

370 1291 506 1362 tas,
541 1295 884 1369 quantum
918 1287 1006 1352 ad
1037 1307 1138 1365 se,
1183 1289 1257 1352 in
1303 1295 1711 1369 perpetuum
1742 1288 2274 1352 conservabunt.

371 1381 580 1462 Quod
615 1387 677 1450 si
709 1386 892 1452 forte
934 1387 1149 1452 ‘alicui
1192 1387 1604 1470 petitionum
1650 1405 1957 1452 mearum
1996 1394 2271 1452 contra-

366 1482 596 1548 dicere
627 1487 1002 1565 voluerint,
1038 1506 1262 1570 neque
1306 1506 1462 1569 ego,
1507 1505 1733 1570 neque
1776 1487 2071 1551 barones
2114 1487 2274 1565 mei,

367 1603 594 1668 neque
637 1585 867 1651 clerus
914 1607 1110 1651 meus
1151 1587 1460 1669 aliquam
1499 1587 1601 1650 eis
1634 1586 1926 1652 ulterius
1968 1588 2275 1652 servabi-

357 1697 520 1748 mus
573 1685 1065 1764 obedientiam,
1107 1687 1320 1751 immo
1369 1686 1597 1768 ipsum
1642 1703 1895 1769 papam
1930 1695 2001 1750 et
2033 1707 2272 1751 omnes

363 1803 530 1848 suos
579 1785 948 1851 manifeste
1003 1786 1589 1869 impugnabimuS,
1626 1792 1699 1850 et
1738 1785 2155 1869 quicumque
2199 1787 2271 1849 in

318 1961 324 1970 .
360 1890 554 1948 terra
603 1905 760 1950 mea
807 1887 1132 1950 inventus
1189 1885 1423 1963 fuerit,
1485 1886 1607 1968 qui
1655 1904 1857 1968 papae
1916 1894 2076 1968 post
2120 1885 2269 1950 haec

361 1983 718 2048 adhaerere
739 1986 1065 2063 voluerit,
1094 1985 1488 2068 expelletur
1507 2004 1554 2048 a
1581 2003 1820 2067 regno.
1926 1985 2033 2048 Ea
2060 2003 2268 2068 prop-

360 2089 470 2147 ter
515 2103 846 2167 rogamus
901 2105 1053 2163 voS‚
1102 2093 1185 2150 ut
1231 2085 1665 2149 carissimum
1716 2084 2039 2162 amicum,
2095 2103 2267 2168 qua·

355 2189 564 2247 tenus
623 2184 909 2251 fratrem
969 2184 1350 2250 Ernaldum
1425 2184 2001 2268 hospitaliarium,
2078 2185 2266 2248 omni

355 2284 722 2350 occasione
773 2293 1063 2362 remota,
1115 2285 1256 2349 cito
1307 2284 1396 2349 ad
1449 2303 1578 2348 uos
1630 2283 1947 2362 mittatis,
2001 2284 2126 2367 qui
2172 2305 2265 2348 ex

353 2391 558 2465 parte
626 2385 1068 2467 imperatoris
1140 2391 1213 2448 et
1279 2391 1516 2448 voetra
1588 2382 1939 2466 praedictis
2002 2384 2264 2448 nuntiis

353 2484 528 2549 meis
557 2483 893 2549 ducatum
943 2484 1258 2570 praebeat
1294 2483 1366 2547 in
1408 2483 1640 2548 eundo
1686 2503 1808 2567 per
1839 2489 2093 2547 terram
2137 2485 2266 2547 im-

353 2586 742 2666 peratoris3
791 2581 1094 2650 Valete.’
1195 2584 1480 2648 Dictum
1516 2590 1625 2647 est
1654 2589 1889 2647 autem
1920 2602 1963 2645 a
1998 2581 2265 2647 clericis

351 2691 426 2748 et
452 2684 747 2749 notariis
781 2684 1044 2749 domini
1081 2684 1292 2765 regiS‚
1340 2683 1525 2765 quod
1561 2682 1650 2746 ad
1677 2683 1833 2767 ejus
1861 2682 2263 2764 petitionem

352 2784 484 2847 has
542 2784 786 2849 literas
837 2783 1228 2849 dictaverat
1277 2781 1700 2859 GilebertuS‚
1762 2781 2266 2847 Londoniensis

352 2883 750 2966 episcopus,
791 2884 871 2947 in
913 2884 1290 2967 perniciem
1319 2882 1581 2947 domini
1612 2900 1813 2965 papae
1844 2888 1917 2945 et
1949 2881 2261 2959 Thomae,

346 2982 877 3047 Cantuariensis
939 2982 1466 3066 archiepiscopi,
1527 2988 1602 3045 et
1654 2980 1963 3045 ecclesiae
2016 2980 2263 3063 Angli-

349 3101 598 3162 canae3
648 3083 830 3147 unde
883 3082 1201 3165 contigit,
1244 3081 1432 3165 quod
1476 3087 1681 3145 nocte
1724 3080 2047 3161 quadam,
2098 3081 2263 3144 dum

348 3182 535 3246 idem
571 3180 971 3247 Gilebertus
995 3182 1267 3267 jaceret
1296 3182 1371 3245 in
1401 3186 1627 3244 strato
1660 3198 1813 3255 suo,
1843 3187 1913 3244 et
1954 3178 2264 3244 studeret

345 3283 537 3346 circa
571 3282 1044 3347 confusionem
1075 3280 1578 3363 archiepiscopi
1630 3297 1875 3362 puram
1908 3278 2262 3343 conscien-
2372 3324 2378 3329 ,

347 3380 524 3446 tiam
570 3382 916 3460 habentis,
943 3388 1016 3445 et
1044 3388 1352 3445 tenorem
1397 3380 1750 3445 literarum
1795 3377 1966 3441 nihil
2010 3384 2265 3460 praeter

347 3481 796 3565 iniquitatem
853 3481 1380 3557 continentium,
1444 3477 1711 3545 audivit
1766 3494 2007 3543 vocem
2057 3478 2261 3542 valde

348 3580 731 3645 terribilem
795 3581 1094 3664 desuper
1147 3581 1469 3644 emissam
1537 3579 1671 3643 sibi
1731 3585 1971 3660 aperte
2028 3578 2260 3642 dicen-

347 3690 516 3759 tem,
547 3686 570 3717 ‘
597 3680 660 3745 Ο
723 3678 1078 3745 Gileberte
1128 3679 1386 3756 Foliot,
1433 3678 1597 3742 dum
1656 3675 1959 3742 revolvis
2023 3684 2130 3741 tot
2190 3685 2261 3740 et

346 3789 480 3860 tot,
513 3782 718 3849 Deus·
746 3788 910 3845 tuus
940 3787 1046 3844 est
1077 3773 1492 3843 JAstarothss

415 4000 738 4075 ¹Astaroth]
774 4004 860 4055 He
883 4006 928 4055 is
952 4004 1066 4055 said
1081 4009 1134 4054 to
1157 4004 1286 4055 have
1300 4002 1585 4066 answered,
1604 4002 1621 4031 ‘
1635 4002 1872 4053 Mentiris
1887 4002 2104 4066 daemon,
2114 4003 2260 4053 Deus

345 4094 488 4131 meus
509 4084 593 4131 est
615 4078 765 4129 Deus
789 4071 1044 4127 Sabaoth?

1958 4410 2047 4455 ΥΞ
