3108 5059
884 488 974 554 76
1396 506 1668 564 noema
1714 507 1810 556 nn
1856 506 2272 556 wimnovnn

563 676 806 778 ssffissoegi
890 664 1072 729 unde
1118 663 1493 748 imperator
1538 666 1940 751 compulsus
1987 665 2478 732 commercium
2521 661 2796 729 restitui

560 778 865 820 mecm-ade·-
888 766 1141 831 iterato
1175 766 1529 850 praecepit.

1088 935 1189 1002 Do
1236 937 1492 1003 motione
1542 937 1909 1054 Boamundi
1947 934 2275 1026 princ-ipis
2332 938 2406 1005 in
2455 960 2614 1026 opus

1729 1060 1956 1104 cruens.

564 1184 813 1274 Βοέιωοιιῗ
988 1153 1312 1240 Interea,¹
1339 1162 1501 1226 dum
1538 1162 1688 1228 haec
1725 1163 1912 1246 apud
1947 1161 2630 1247 Constantinopolim
2673 1119 2795 1244 ge-

562 1245 722 1325 ῗέηι..
764 1245 825 1274 ⁰'
883 1271 1157 1342 rantur,
1200 1264 1519 1330 dominus
1572 1262 2046 1342 Boamundus,
2085 1264 2384 1330 Roberti
2419 1263 2796 1328 Guiscardi

886 1365 1093 1444 filius,
1172 1364 1493 1447 princeps
1552 1363 1999 1441 Tarentinus,
2058 1365 2179 1448 qui
2250 1371 2420 1430 ante
2498 1364 2794 1428 hiemem

886 1485 1044 1530 cum
1104 1484 1235 1529 suo
1316 1464 1627 1528 exercitu
1684 1462 2123 1528 Adriaticum
2191 1483 2384 1529 mare
2439 1463 2792 1529 transiens
2915 1481 2930 1496 ·

887 1565 1351 1648 Dyrrachium
1401 1584 1621 1647 usque
1663 1571 2097 1647 pervenerat,
2143 1585 2270 1648 per
2302 1566 2584 1632 deserta
2623 1564 2800 1630 Bul-

885 1665 1102 1748 gariae
1150 1665 1238 1729 ad
1272 1683 1460 1742 suos,
1488 1664 1610 1748 qui
1649 1683 1808 1728 eum
1837 1667 2333 1756 sequebantur,
2365 1664 2794 1748 pedetentim

884 1752 1305 1850 appropians
1350 1763 1746 1831 accedebat.
1847 1752 2315 1830 Adhaeserant
2365 1785 2672 1848 namque
2727 1765 2794 1828 ei

883 1867 1014 1930 viri
1044 1864 1325 1949 quidam
1354 1864 1618 1929 nobiles
1644 1871 1988 1948 potentes,
2019 1885 2316 1947 quorum
2345 1866 2458 1930 hic
2485 1866 2560 1930 in
2591 1872 2795 1949 parte
2813 1857 2828 1872 “

880 1968 1163 2031 nomina
1213 1967 1720 2048 subponemus;
1766 1957 2208 2030 ²'Pancredus
2237 1965 2580 2032 Willelmi
2609 1986 2796 2031 mar-

881 2066 1149 2131 chionis
1199 2065 1407 2142 filius,
1454 2064 1850 2130 Richardus
1903 2065 1992 2130 de
2043 2066 2459 2149 Principatu
2507 2073 2581 2131 et
2615 2065 2792 2130 Rai-

882 2166 1117 2230 nulfus
1164 2164 1379 2229 frater
1423 2164 1602 2249 ejuS,
1634 2163 1986 2230 Robertus
2031 2165 2120 2231 de
2148 2163 2390 2246 Anxa,
2435 2166 2794 2230 Herman-

882 2285 1013 2330 nus
1047 2267 1133 2330 de
1162 2265 1395 2342 Carvi,
1425 2265 1778 2330 Robertus
1811 2265 1898 2329 de
1932 2265 2158 2330 Surda
2189 2267 2400 2342 valle,
2433 2267 2794 2332 Robertns

882 2366 1215 2432 Turstani
1281 2365 1489 2442 filius,
1542 2364 1959 2430 Humfridus
2025 2365 2212 2430 filius
2275 2367 2591 2445 Radulfi,
2661 2367 2794 2432 Ri-

880 2465 1178 2531 chardus
1226 2465 1409 2531 filius
1464 2465 1740 2531 comitis
1797 2465 2110 2546 Ranulfi‚
2155 2485 2388 2533 comes
2451 2467 2538 2533 de
2598 2467 2792 2533 Rus·

878 2567 1091 2633 sillun
1124 2574 1194 2631 et
1228 2566 1479 2631 fratres
1518 2565 1695 2649 ejus,
1741 2565 2017 2631 Boeleis
2053 2565 2536 2645 Carnotensis,
2572 2565 2796 2633 Albe-

879 2668 1085 2733 redus
1141 2667 1226 2731 de
1277 2665 1640 2748 Cognano,
1693 2663 2110 2735 Humfridus
2170 2667 2355 2732 filius
2402 2668 2606 2753 ejus;
2661 2668 2792 2733 hos

878 2774 1113 2832 autem
1144 2768 1613 2851 sequebantur
1641 2766 1882 2848 populi
1907 2765 2166 2845 Italici,
2195 2776 2269 2833 et
2297 2767 2704 2852 quicunque
2749 2787 2793 2833 a

878 2868 1194 2950 Tyrreno
1248 2867 1423 2931 mari
1467 2865 1539 2929 in
1581 2862 2012 2931 Adriaticum
2059 2887 2280 2950 usque
2337 2869 2572 2933 sinum
2621 2888 2792 2936 con-

872 2970 1359 3032 versabantur.
1462 2964 1566 3029 Hi
1596 2983 1834 3029 omnes
1879 2985 2099 3049 usque
2127 2966 2218 3030 ad
2253 2969 2497 3034 urbem
2531 2968 2794 3036 Casto-

872 3070 1065 3139 rea‘m
1120 3066 1514 3133 Boamundi
1565 3065 1826 3130 vexilla
1873 3067 2119 3144 secuti,
2183 3087 2346 3133 cum
2407 3087 2454 3131 a
2515 3069 2796 3135 civibus

874 3168 1153 3235 venalia
1213 3166 1472 3250 populo
1538 3185 1678 3229 non
1759 3165 2296 3245 exhibebantur,
2370 3170 2794 3235 contrahere

870 3288 1124 3352 greges
1168 3274 1239 3331 et
1272 3271 1588 3329 armenta
1619 3264 1957 3348 compulsi
1989 3274 2153 3331 sunt
2183 3267 2558 3333 violenter.
2669 3269 2794 3333 In-

870 3369 1097 3451 deque
1124 3365 1476 3450 progressi
1507 3364 1582 3427 in
1613 3364 1897 3446 regione
1926 3364 2318 3448 Pelagonia
2359 3376 2600 3433 castra
2641 3377 2792 3435 sta-
2911 3416 2920 3425 ·

869 3473 1195 3546 tuerunt;
1250 3465 1370 3528 ubi
1418 3463 1778 3528 audientes
1808 3464 1994 3546 quod
2038 3466 2111 3529 in
2146 3466 2379 3532 vicino
2427 3476 2584 3533 erat
2633 3490 2793 3533 mu·—

868 3567 1201 3651 nicipium
1234 3564 1403 3629 solis
1448 3562 1792 3627 haereticis
1847 3562 2362 3630 habitatoribus
2423 3568 2792 3648 refertum,

867 3668 1034 3735 illuc
1082 3667 1214 3733 sub
1262 3664 1616 3729 celeritate
1666 3663 2120 3743 contendunt,
2162 3672 2259 3745 et,
2293 3674 2606 3733 castrum
2640 3672 2798 3736 vio-

944 3924 958 3955 ι
982 3926 1219 3988 Interea]
1243 3924 1467 3972 William
1496 3921 1554 3972 of
1568 3920 1721 3982 Tyre,
1742 3935 1794 3981 p.
1844 3918 1993 3980 lows,
2013 3919 2182 3969 rather
2203 3920 2326 3970 than
2349 3922 2462 3973 that
2482 3924 2546 3973 of
2560 3926 2794 3978 William

860 4001 981 4047 353,
1844 3989 1902 4038 of
1928 3989 2080 4052 'Pyt-e,
2115 3989 2245 4038 from
2265 3992 2436 4041 whom
2475 3995 2564 4043 the
2601 4002 2718 4047 text
2751 4001 2798 4049 is

938 4064 958 4093 π
982 4065 1256 4114 romeam
1298 4058 1577 4120 Willelmi]
1631 4058 1796 4108 Orde-
1843 4056 2016 4108 taken.
2087 4059 2143 4107 If
2179 4061 2260 4109 for
2301 4062 2319 4089 ‘
2335 4059 2488 4113 filius’
2535 4080 2620 4115 we
2665 4071 2796 4118 read

862 4138 1003 4188 'ricus
1025 4134 1211 4183 vitalis
1232 4132 1359 4181 calls
1372 4130 1603 4179 Tancred
1627 4128 1797 4177 ‘odo-
1844 4128 1859 4154 ‘
1878 4124 2068 4190 frater:
2103 4128 2187 4177 the
2225 4130 2477 4195 difficulty
2510 4138 2696 4186 would
2731 4142 2796 4189 be

864 4210 946 4257 nis
1030 4203 1182 4265 Boni,
1257 4199 1534 4262 marchisii,
1602 4194 1794 4260 filium‚’
1842 4197 2036 4247 solved.
2110 4200 2229 4251 Rer.
2285 4202 2408 4253 Ital.
2466 4204 2688 4269 Scriptt.
2743 4226 2795 4260 v.

864 4277 1039 4327 whose
1093 4273 1349 4333 authority
1396 4269 1646 4321 Muratori
1702 4267 1819 4336 f⁰l·.
1841 4282 1895 4329 P·
1918 4271 2032 4319 282·
