3108 5059
943 457 1228 506 nonus
1274 457 1817 506 uzsronmnuu.
2192 445 2323 512 407

417 749 425 759 .
498 689 682 766 Quod
696 695 822 754 'rea-
846 689 1244 756 Franoorum
1274 690 1623 778 Pham
1653 697 1906 779 reynwm
1933 715 2115 760 suum
2139 693 2251 760 suh
2280 753 2287 758 .

756 790 1152 876 dispositione
1179 792 1342 878 reyis
1371 792 1625 879 Anqliae
1651 793 1967 860 commisit.
2164 873 2172 880 ,

407 939 413 944 ’
513 913 720 981 Anno
756 916 1043 981 Domini
1081 933 1462 982 Mcnxxxl.
1494 911 1683 983 ¹cum
1723 938 1851 983 rex
1892 918 2317 985 Francorum
2343 937 2450 978 Am.
2475 925 2613 978 nens

415 1015 808 1099 Philippus,
857 1017 1270 1100 quibusdam
1324 1016 1410 1082 de
1463 1019 1611 1082 suis
1658 1019 1789 1082 sibi
1855 1019 1945 1084 ad
2000 1021 2315 1085 memori·
2340 988 2637 1080 ιῖιῗῖἶιῗιιῗῖιῖι-

409 1135 524 1180 am
581 1116 1092 1194 reducentibus,
1153 1118 1599 1199 cognovisset
1646 1118 1948 1202 qualiter
1996 1139 2122 1184 rex
2166 1117 2313 1184 An:-
2335 1089 2612 1181 ffissl‘ssss’ffi„

409 1217 682 1299 giorum
726 1236 1018 1299 regnum
1068 1236 1271 1281 suum
1328 1225 1474 1282 tam
1523 1217 1667 1282 late
1709 1217 2031 1283 diffusum
2079 1239 2123 1284 a
2168 1226 2311 1284 tam
2332 1191 2494 1241 ³⁸¹¹*

407 1317 720 1382 barbaris
764 1317 1188 1394 nationibus,
1237 1316 1466 1382 Scotis
1511 1318 1779 1384 scilicet
1822 1325 1895 1384 et
1935 1318 2312 1384 wallensi-

405 1417 560 1495 bus,
589 1416 878 1500 pacifice
905 1418 1348 1500 gubernaret,
1375 1417 1841 1483 decommuni
1868 1420 2161 1484 consilio
2188 1419 2311 1485 do-

404 1518 848 1582 mesticorum
901 1536 1184 1582 snorum
1241 1517 1561 1600 praedicti
1622 1519 1807 1602 regis
1870 1519 2309 1603 dispositioni

341 1685 346 1692 ,
401 1637 606 1682 omne
661 1637 951 1699 regnum
993 1637 1196 1682 suum
1240 1625 1312 1682 et
1355 1638 1432 1682 se
1473 1618 1703 1701 ipsum
1749 1621 2131 1701 commisit3
2176 1621 2329 1686 hoc'

395 1717 612 1781 etiam
643 1717 964 1801 exemplo
999 1737 1126 1782 rex
1157 1715 1550 1800 Anglorum
1589 1718 1865 1795 ductus,
1900 1738 2056 1784 cum
2086 1727 2303 1784 totam

405 1816 910 1883 Normanniam
947 1818 1074 1881 filii
1111 1819 1222 1882 sui
1259 1819 1445 1900 reg-is
1481 1818 1922 1902 dispositioni
1963 1839 2303 1903 suppone-

391 1924 532 1995 -ret,
569 1925 822 1984 octavo
865 1916 1202 1982 kalendas
1244 1916 1554 2001 Augusti
1596 1920 1671 1983 in
1705 1917 2037 2002 Angliam
2080 1927 2307 1984 trans-

391 2017 546 2082 iens
589 2018 870 2082 beatum
902 2018 1244 2098 Thomam
1283 2026 1658 2102 martyrem
1700 2019 2035 2083 orationis
2074 2021 2304 2101 gratia

393 2117 732 2184 visitavit.
787 2117 1048 2182 Eodem
1071 2137 1260 2182 anno
1283 2112 1306 2150 ²
1319 2119 1671 2201 Rogerus,
1701 2119 2161 2184 Eboracensis
2192 2139 2304 2184 ar-

397 2217 904 2301 chiepiscopus,
943 2219 1128 2299 diem
1169 2219 1423 2283 clausit
1463 2237 1861 2302 supremum
1899 2218 2303 2285 duodecimo

401 2316 734 2382 kalendas
790 2318 1220 2396 Decembris,
1263 2312 1420 2402 ³qui
1468 2319 1695 2384 adhuc
1734 2319 1977 2386 vivens
2025 2339 2072 2383 a
2116 2339 2303 2404 papa

397 2416 804 2484 Alexandro
838 2419 1282 2501 privilegium
1321 2419 1839 2502 impetraverat,
1873 2427 1977 2497 ut,
2011 2420 2071 2483 si
2103 2420 2297 2484 cleri·

392 2538 524 2584 cus
563 2539 712 2583 suae
738 2517 1211 2603 jurisdictioni
1248 2520 1679 2603 suppositus,
1714 2538 1931 2601 agens
1965 2519 2037 2584 in
2072 2525 2296 2583 extre·

395 2620 554 2697 mis,
591 2625 1080 2684 testamentum
1119 2619 1491 2704 conficeret
1529 2626 1601 2683 et
1640 2619 1937 2703 propriis
1980 2620 2297 2684 manibus

395 2720 580 2784 bona
619 2738 748 2784 sua
801 2718 1102 2785 moriens
1155 2739 1306 2795 non,
1338 2719 1804 2796 distribueret,
1846 2719 2300 2801 archiepisco-

393 2839 528 2903 pus
570 2819 855 2884 haberet
897 2818 1298 2885 facultatem
1341 2819 1696 2903 injiciendi
1732 2837 1977 2884 manus
2009 2819 2081 2883 in
2116 2820 2299 2884 bona

389 2918 743 2999 defuncti;
777 2927 872 2997 et,
906 2920 1232 3004 quoniam
1269 2920 1454 3001 quod
1488 2920 1779 3002 quisque
1804 2918 1987 3002 juris
2020 2920 2093 2983 in
2126 2920 2294 2984 alte·

393 3039 544 3083 rum
587 3021 935 3098 statuerit,
979 3020 1084 3084 uti
1128 3019 1332 3084 debet
1377 3020 1617 3083 eodem
1655 3020 1839 3102 jure,
1894 3026 2055 3103 post
2111 3039 2293 3083 mor-

391 3128 533 3185 tem
593 3120 1094 3204 archiepiscopi
1143 3138 1601 3202 quaecumque
1662 3126 1939 3201 reperta
1999 3126 2165 3183 sunt
2218 3121 2293 3183 in

393 3219 740 3285 thesauris
783 3220 936 3304 ejus
971 3220 1168 3304 justo
1212 3226 1380 3283 sunt
1425 3220 1561 3283 Dei
1595 3218 1862 3302 judicio
1892 3218 2293 3294 confiscata,

391 3339 688 3403 quorum
720 3339 991 3385 summa
1030 3320 1162 3384 fuit
1195 3319 1514 3383 undecim
1545 3318 1762 3384 millia
1792 3319 1989 3382 librae
2022 3320 2295 3401 argenti

388 3427 462 3485 et
501 3421 694 3485 aurei
730 3420 1041 3497 trecenti,
1080 3418 1284 3503 [una]
1319 3439 1548 3504 cuppa
1588 3437 1802 3483 aurea
1840 3426 1911 3483 et
1945 3426 2293 3501 argenteae

385 3527 680 3604 septem,
716 3520 960 3604 scyphi
1003 3520 1317 3602 argentei
1363 3539 1640 3597 novem,
1682 3519 1819 3582 tria
1852 3518 2144 3583 salsaria
2186 3538 2292 3582 ar·

389 3626 666 3703 gentea,
704 3628 844 3685 tres
879 3639 1124 3703 cuppae
1157 3614 1541 3697 *murtinae,
1572 3617 1961 3683 cochlearia
1990 3617 2292 3701 quadra-

387 3722 612 3803 ginta,
671 3725 829 3784 octo
883 3720 1194 3784 scutellae
1256 3728 1633 3802 argenteae,
1683 3718 1907 3801 pelvis
1964 3725 2293 3799 argentea

385 3828 457 3886 et
491 3821 722 3885 discus
755 3839 1046 3903 magnus
1077 3826 1475 3902 argenteus.

384 4044 395 4049 -
457 4000 472 4031 ¹
490 4002 614 4049 Cam
628 4014 720 4050 rex
743 3998 1088 4063 Francorum]
1109 3998 1314 4060 Diceto,
1433 3996 1456 4029 ³
1481 3997 1583 4054 Qua·
1619 3997 1775 4046 adhuc
1812 3995 1993 4047 vivent.
2019 3995 2043 4060 ]
2091 3995 2297 4057 DIceto,

381 4070 480 4121 col.
503 4074 619 4120 611.
1363 4068 1461 4120 col.
1483 4072 1603 4119 614.

457 4137 478 4167 ²
500 4139 771 4202 Regma]
804 4140 905 4188 For
935 4137 1016 4187 his
1048 4137 1158 4201 life,
1181 4152 1312 4187 com-

385 4224 508 4273 pare
537 4210 858 4271 Newburgh‚
885 4209 978 4258 lib.
1017 4208 1092 4259 iii.
1125 4222 1242 4269 cap.
1265 4223 1314 4257 v.
1431 4198 1757 4272 ⁴Murtim.]
1793 4204 1808 4231 ‘
1836 4202 2113 4253 Mazerinae
2130 4202 2163 4263 ς’
2198 4201 2296 4250 Di-

385 4281 508 4331 with
531 4280 740 4344 Stubbs,
757 4280 856 4330 col.
881 4282 1029 4329 1⁷2³.
1365 4280 1494 4325 ceto.
