3108 5059
839 483 1118 534 nonus
1163 485 1705 536 mss-onmium.
2108 468 2241 536 285

333 639 614 707 flectere
673 645 1064 726 potuisset3
1143 646 1550 729 increpabat
1610 655 1841 710 autem
1904 647 2238 711 satellites
2265 661 2375 700 A-D-
2398 661 2507 698 ¹¹⁵⁶-

333 760 496 805 suos
551 745 875 827 princeps
923 745 1334 823 daemonum,
1379 746 1565 828 quod
1605 754 1751 811 tam
1796 747 1915 810 diu
1950 748 2237 830 presby·
2264 711 2447 760 ΜΦ

333 847 441 904 ter
480 841 885 909 inflexibilis
919 846 1362 928 perstitisset.
1453 846 1655 908 Tunc
1691 846 2027 910 accedens
2056 866 2239 911 unns

335 960 598 1017 eorum,
625 947 645 977 ‘
671 943 874 1026 Ego,’
907 945 1158 1027 inquit,
1181 950 1201 980 ‘
1222 945 1562 1027 decipiam
1584 965 1766 1022 eum,
1795 945 1961 1029 quia
1992 947 2237 1028 paravi

337 1041 398 1102 ei
448 1043 808 1107 mulierem
863 1065 988 1127 per
1041 1045 1245 1129 cujus
1287 1044 1869 1127 pulchritudinem
1920 1045 2237 1129 subjicie-

337 1148 455 1203 tur
495 1144 720 1220 nobis,
771 1143 892 1207 sed
945 1144 1074 1209 hoc
1116 1145 1344 1208 facere
1387 1163 1526 1208 non
1581 1151 1824 1226 potero
1880 1145 2015 1208 nisi
2058 1144 2241 1208 infra

338 1240 725 1321 quindecim
758 1263 980 1306 annos
1006 1244 1048 1322 ;’
1094 1248 1113 1277 ‘
1135 1244 1212 1307 Si
1243 1243 1425 1307 infra
1458 1243 1645 1307 hunc
1689 1243 2104 1322 terminum,’
2138 1245 2241 1308 ait

340 1341 697 1434 magister,
727 1342 964 1406 ‘illum
992 1342 1369 1425 deceperis,
1395 1362 1723 1424 magnam
1752 1363 1897 1408 rem
1928 1342 2239 1408 faceres!

341 1438 659 1522 Contigit
708 1449 942 1506 autem
993 1462 1076 1506 eo
1133 1450 1465 1525 tempore,
1515 1451 1595 1507 ut
1646 1444 1971 1508 sacerdos
2024 1443 2239 1527 juxta

338 1541 907 1605 consuetudinem
943 1561 1146 1606 mane
1181 1543 1648 1607 coemeterium
1677 1542 2109 1622 circumienS,
2136 1545 2241 1607 in..

339 1639 680 1704 fantulam
707 1641 924 1725 juxta
952 1661 1226 1706 crucem
1258 1643 1332 1705 in
1366 1643 1763 1707 coemeterio
1798 1645 2097 1725 positam
2132 1645 2239 1707 in-

341 1740 655 1819 veniret3
712 1761 923 1824 quam
967 1741 1311 1824 accipiens
1355 1743 1742 1824 presbyter,
1784 1743 2045 1824 pietate
2092 1762 2240 1806 mo-

340 1845 481 1916 tuS,
541 1841 795 1905 nutrici
839 1860 994 1904 eam
1038 1841 1546 1906 commendavit
1603 1851 1675 1906 et
1727 1842 1920 1906 illam
1978 1841 2051 1904 in
2102 1841 2239 1904 fili-

345 1957 458 2001 am
511 1939 900 2022 adoptavit,
945 1947 1041 2018 et,
1089 1942 1258 2023 quia
1295 1941 1893 2005 sanctimonialem
1943 1961 2097 2004 eam
2134 1941 2240 2004 fa·-

342 2057 496 2104 cere
550 2035 952 2121 proposuit,
995 2040 1232 2104 literas
1287 2039 1554 2105 discere
1596 2039 1799 2119 secit3
1848 2059 2031 2123 quae,
2082 2056 2240 2103 cum

347 2157 568 2202 annos
635 2139 1024 2222 pubertatis
1091 2140 1469 2222 attigisset,
1533 2147 1686 2203 erat
1752 2140 1986 2223 puella
2038 2141 2241 2205 nimis

347 2239 685 2320 speciosa,
737 2239 919 2302 unde
964 2241 1324 2323 presbyter
1373 2240 1592 2321 coepit
1642 2240 1896 2304 tentari
1948 2240 2021 2303 in
2076 2259 2242 2303 con·-

348 2339 776 2422 cupiscentia
833 2339 1008 2423 ejuS,
1052 2346 1122 2403 et
1173 2359 1314 2422 quo
1367 2340 1725 2416 secretiuS,
1782 2360 1866 2404 eo
1922 2340 2243 2422 frequen-

347 2439 510 2518 tius,
555 2440 919 2523 presbyter
962 2445 1272 2504 tentatus
1318 2460 1539 2522 nuper
1582 2458 1993 2504 consensum
2037 2441 2238 2521 petiit

347 2547 418 2603 et
465 2539 759 2617 invenit,
804 2559 930 2603 nec
977 2546 1212 2603 tamen
1257 2540 1484 2605 adhuc
1534 2539 1621 2603 de
1663 2541 1893 2604 carnis
1940 2540 2236 2602 immun-

347 2639 523 2705 ditia
569 2639 833 2721 aliquid
883 2641 1243 2721 agebatur.
1372 2640 1601 2704 Nocte
1644 2641 1881 2721 itaque
1924 2640 2239 2720 sequenti

349 2747 721 2822 postquam
784 2739 1020 2821 puella
1085 2740 1428 2804 actionem
1490 2740 1895 2823 presbytero
1959 2757 2241 2802 conces-

345 2839 579 2916 sisset,
621 2839 993 2915 daemones,
1027 2840 1146 2922 qui
1182 2840 1250 2902 in
1284 2839 1487 2904 horto
1525 2838 1879 2903 heremitae
1918 2858 2007 2901 ex
2048 2842 2243 2902 'more

349 2946 840 3016 convenerant,
893 2958 1224 3020 magnum
1277 2938 1364 3003 de
1423 2958 1766 3003 consensu
1817 2938 2006 3002 facto
2067 2957 2242 3020 gau-

350 3040 538 3103 dium
581 3046 1095 3121 conceperunt3
1142 3040 1414 3103 daemon
1455 3045 1714 3116 autem,
1751 3040 1873 3119 qui
1923 3038 2241 3101 sacerdo-

349 3146 486 3203 tem
531 3136 848 3221 decipere
901 3139 1335 3220 promiserat,
1387 3140 1723 3221 magistro
1778 3157 1908 3201 suo
1949 3137 2245 3214 dicebat,

351 3245 372 3281 ‘
411 3239 594 3303 Ecce
656 3239 1042 3321 presbyter,
1101 3258 1306 3321 quem
1357 3256 1484 3321 per
1545 3238 1901 3302 mulierem
1958 3256 2067 3299 me
2123 3235 2243 3299 de-

350 3345 709 3422 cepturum
779 3338 1114 3415 dixeram,
1175 3338 1327 3422 Jam
1396 3338 1526 3402 feci
1595 3338 1777 3419 quod
1843 3356 1887 3399 a
1950 3336 2244 3416 virgine,

352 3458 562 3521 quam
611 3438 686 3500 in
744 3437 957 3501 filiam
1013 3438 1472 3521 adoptaverat
1525 3446 1597 3501 et
1654 3435 2245 3499 sanctimonialem

352 3539 579 3603 facere
622 3538 1047 3615 decreverat,
1096 3556 1505 3601 consensum
1556 3536 1779 3618 stupri
1827 3541 2069 3617 petens
2116 3535 2209 3597 im

354 3638 681 3721 petravit,
727 3644 798 3701 et
847 3656 1002 3699 cras
1043 3636 1217 3700 hora
1259 3636 1638 3701 meridiana
1687 3653 1863 3716 opus
1906 3633 2244 3698 nefarium

354 3740 442 3802 ad
471 3737 795 3803 effectum
827 3735 1201 3818 perducam
1228 3736 1270 3815 ;’
1315 3736 1579 3818 gratias
1608 3752 1774 3815 ergo
1808 3733 1872 3796 ei
1912 3732 2246 3813 magister

355 3838 499 3921 egit
541 3844 612 3901 et
659 3835 952 3901 viriliter
992 3836 1219 3917 ipsum
1257 3835 1501 3899 fecisse
1544 3834 1842 3898 dicebat.
1934 3832 2069 3895 Die
2109 3830 2243 3895 ita·

354 3958 488 4021 que
549 3936 857 4000 crastino
928 3937 1289 4019 presbyter
1346 3933 1650 4017 puellam
1708 3950 1967 3995 vocans
2029 3932 2247 3996 intro-

356 4038 558 4101 duxit
601 4036 798 4099 illam
835 4036 907 4097 in
960 4035 1352 4101 cubiculum
1403 4054 1605 4098 suum
1641 4039 1710 4096 et
1743 4050 1897 4095 eam
1947 4032 2021 4096 in
2064 4032 2246 4096 lecto

354 4136 751 4211 collocavit,
819 4143 888 4199 et
937 4142 1136 4199 stans
1205 4141 1370 4199 ante
1431 4135 1686 4198 lectum
1734 4132 1810 4195 in
1867 4132 2249 4196 tentatione

353 4239 622 4319 positus
694 4233 1034 4316 cogitavit
1098 4233 1261 4316 quid
1320 4242 1506 4297 esset
1571 4232 1907 4309 facturuS,
1969 4239 2040 4297 et
2094 4238 2249 4301 tan-
