3108 5059
880 480 969 545 50
1399 493 1668 546 nocam
1716 495 1810 544 nn
1855 490 2270 544 wnNnovmt

569 667 813 759 &geism-
884 656 1190 739 ngena
1230 661 1477 733 matre,
1524 656 1599 719 in
1641 651 1856 721 nobili
1893 654 2340 732 monasterio,
2374 653 2560 738 quod
2606 652 2786 716 Bur-

568 769 777 810 Wulntan·
886 777 1051 840 gum
1098 764 1565 839 nuncupatur,
1623 757 1844 821 literis
1901 762 1973 821 et
2035 755 2522 820 ecclesiasticis
2584 753 2790 818 disci-

886 857 1095 940 plinis
1144 857 1231 922 ad
1276 858 1558 941 plenum
1585 857 1862 921 exstitit
1893 855 2229 921 eruditus·
2333 856 2510 940 Ejus
2551 861 2788 918 autem

885 964 1210 1040 parentes
1260 958 1433 1023 adeo
1466 957 1785 1039 religioni
1815 957 2212 1034 studebant,
2247 963 2328 1019 ut
2357 956 2579 1020 multo
2623 961 2787 1018 ante

886 1059 1051 1123 vitae
1108 1059 1312 1122 finem
1380 1059 1775 1122 castitatem
1835 1057 2154 1140 professi,
2219 1077 2296 1121 se
2353 1058 2443 1121 ab
2489 1056 2786 1119 invicem

886 1166 1314 1242 separante8‚
1343 1159 1473 1222 sub
1503 1164 1768 1223 sanctae
1822 1158 2368 1221 conversationis
2408 1156 2652 1220 habitu
2683 1151 2789 1220 vi-

889 1266 1033 1323 tam
1077 1277 1554 1324 consummare
1619 1259 2042 1340 gauderent3
2107 1276 2402 1341 quorum
2465 1255 2786 1338 exemplo

889 1366 961 1424 et
1008 1361 1159 1443 ipse
1218 1359 1622 1424 adolescens
1681 1357 2037 1436 incitatuS,
2088 1365 2310 1422 matre
2357 1358 2430 1421 id
2482 1357 2786 1421 maxime

886 1460 1367 1542 persuadente,
1412 1459 1723 1524 seculum
1778 1459 2081 1542 reliquit,
2126 1466 2336 1541 atque
2379 1459 2453 1521 in
2499 1457 2785 1538 Wigor·

887 1560 1111 1624 niensi
1140 1562 1588 1637 monasterio,
1615 1560 1688 1623 in
1714 1577 1852 1642 quo
1884 1567 1956 1623 et
1979 1567 2140 1623 ante
2171 1567 2370 1642 pater
2389 1558 2542 1622 Deo
2571 1557 2787 1622 servi-

886 1668 1062 1738 erat,
1109 1661 1569 1725 monachilem
1614 1659 1926 1724 habitum
1981 1660 2289 1742 suscepit
2338 1677 2380 1722 a
2409 1656 2788 1724 venerabili

887 1762 1213 1845 episcopo
1247 1761 1307 1844 ej
1318 1761 1556 1825 usdem
1591 1761 1898 1824 ecclesiae
1931 1759 2290 1842 Brithego,
2324 1778 2369 1822 a
2395 1778 2536 1842 quo
2575 1759 2787 1823 etiam

886 1862 978 1925 ad
1020 1862 1311 1944 gradum
1356 1861 1766 1926 diaconatus
1817 1868 1890 1924 et
1938 1861 2460 1944 presbyteratus
2507 1877 2784 1942 promo·-

886 1969 1025 2039 tus,
1074 1964 1311 2027 statim
1350 1964 1423 2026 in
1472 1963 1626 2045 ipso
1677 1961 1876 2025 initio
1917 1960 2204 2024 arduam
2232 1962 2450 2025 vitam
2483 1966 2556 2024 et
2591 1961 2784 2024 omni

885 2063 1339 2144 religiositate
1387 2063 1664 2145 plenam
1709 2061 2157 2144 amplectens,
2185 2061 2260 2124 in
2288 2060 2570 2142 vigiliis,
2597 2061 2783 2144 jeju·

886 2163 1021 2226 niis
1051 2171 1123 2227 et
1150 2162 1584 2227 orationibus
1628 2161 2034 2239 indefessuS,
2081 2169 2152 2225 et
2198 2161 2271 2225 in
2304 2162 2490 2224 omni
2531 2179 2784 2242 genere

884 2263 1221 2327 virtutum
1280 2263 1606 2345 apparuit
1656 2263 1886 2326 subito
1933 2262 2423 2326 admirandus:
2487 2261 2650 2325 hinc
2696 2262 2784 2326 ob

885 2381 1153 2426 morum
1208 2363 1642 2446 disciplinam
1704 2371 1942 2426 custos
1993 2363 2445 2439 novitiorum,
2504 2369 2577 2426 et
2625 2369 2790 2445 post

888 2464 979 2527 ob
1020 2464 1373 2528 solertiam
1406 2463 1855 2528 ecclesiastici
1897 2461 2103 2527 officii
2135 2463 2634 2541 thesaurarius»,
2681 2483 2788 2527 as·

825 2569 831 2574 “
886 2564 1229 2647 signatur.
1332 2564 1474 2643 Qui
1522 2566 1842 2647 protinus
1885 2574 2132 2629 nactus
2163 2566 2594 2629 occasionem
2633 2564 2788 2629 Deo

888 2666 1252 2743 serviendi,
1311 2684 1402 2729 ex
1463 2664 1786 2730 custodia
1845 2664 2154 2729 ecolesiae
2209 2663 2343 2729 sibi
2394 2666 2784 2744 commissa,

888 2773 1110 2831 totum
1144 2786 1220 2829 se
1252 2766 1810 2847 contemplativae
1857 2766 2132 2848 impulit
2165 2767 2355 2842 vitae,
2385 2764 2498 2830 die
2542 2774 2786 2831 noctu·-

889 2885 1025 2949 que
1052 2866 1348 2929 orationi
1382 2874 1454 2930 et
1476 2865 1728 2930 divinae
1749 2866 2027 2930 lectioni
2059 2866 2408 2943 insistens,
2433 2866 2627 2930 bidui
2659 2869 2782 2931 tri—

890 2967 1094 3031 duive
1118 2967 1389 3051 jejunio
1437 2968 1742 3030 membra
1783 2966 2154 3030 imbecillia
2183 2968 2623 3046 macerabat3
2671 2986 2786 3031 sa—

889 3068 1023 3131 cris
1081 3087 1356 3150 quoque
1406 3067 1664 3149 vigiliis
1712 3066 1784 3129 in
1837 3074 2111 3130 tantum
2159 3066 2434 3130 deditus
2489 3075 2663 3145 erat,
2708 3077 2786 3132 ut

887 3188 1026 3232 non
1076 3166 1279 3232 modo
1323 3174 1620 3243 noctem,
1653 3167 1774 3229 sed
1821 3168 2030 3230 etiam
2066 3186 2376 3249 persaepe
2410 3167 2590 3230 diem
2631 3188 2786 3233 cum

887 3276 1111 3345 nocte,
1166 3276 1263 3345 et,
1305 3261 1515 3332 ¹sicut
1567 3268 1656 3331 ab
1709 3268 1929 3349 ipsius
1979 3287 2096 3331 ore
2143 3267 2559 3345 audivimuS,
2611 3287 2785 3352 qua—

889 3374 1048 3431 tuor
1081 3369 1227 3431 dies
1267 3388 1428 3431 cum
1478 3367 1794 3431 noctibus
1843 3368 1993 3431 sine
2037 3387 2280 3433 somno
2321 3371 2779 3451 transegerit3

888 3469 1071 3532 unde
1097 3468 1453 3532 exsiccato
1479 3469 1788 3546 cerebro,
1819 3468 2200 3551 periculum
2225 3469 2630 3548 incurreret,
2651 3472 2784 3534 nisi

890 3569 1192 3633 vicissim
1241 3585 1491 3651 sopore
1518 3569 1724 3651 quasi
1770 3569 2134 3651 praelibato
2183 3577 2454 3633 naturae
2510 3571 2788 3636 satisfa—

886 3688 1041 3733 cere
1075 3677 1456 3733 maturaret
1490 3690 1507 3747 ;
1553 3669 1852 3751 >denique
1892 3688 2050 3733 cum
2085 3670 2157 3733 vi
2185 3676 2456 3733 naturae
2481 3670 2785 3736 dormire

882 3771 1431 3853 compelleretur,
1483 3786 1624 3833 non
1669 3771 1852 3834 lecto
1899 3778 2022 3834 aut
2063 3762 2488 3835 lectisternio
2533 3772 2626 3835 ad
2671 3792 2783 3837 so·

884 3890 1123 3953 porem
1174 3872 1481 3934 membra
1528 3869 1763 3949 dabat,
1805 3871 1930 3934 sed
1993 3870 2290 3935 lectione
2341 3870 2580 3936 divina
2625 3872 2784 3937 fati-

882 3978 1091 4051 gatus
1140 3977 1487 4053 caputque
1528 3977 1928 4035 sustentans
1978 3970 2334 4053 paulisper
2380 3990 2535 4036 sese
2585 3974 2782 4037 recli-

954 4239 967 4269 ¹
993 4242 1138 4291 Sicut
1162 4278 1177 4292 .
1203 4276 1217 4291 .
1245 4278 1259 4293 .
1281 4240 1599 4313 audivimus]
1624 4245 1641 4273 ‘
1655 4246 1810 4297 Quod
1853 4248 2020 4309 ipsius
2039 4262 2126 4298 ore
2148 4248 2244 4298 boc
2266 4246 2589 4301 audissemus
2599 4251 2638 4313 ς’
2657 4252 2782 4303 Sim.

882 4327 915 4362 a
936 4314 1081 4362 nobis
1103 4314 1192 4363 vix
1215 4313 1521 4378 crederetur,
1542 4316 1587 4365 si
1611 4331 1710 4365 non
1743 4318 1808 4367 ab
1856 4318 2095 4370 Dunelm.
2119 4320 2216 4370 col.
2239 4323 2353 4369 190.
