3108 5059
542 681 653 722 Λᾶ).
677 683 786 722 1110.

549 2558 661 2599 Δ.1).
682 2560 697 2597 1
708 2560 723 2597 1
734 2560 749 2597 1
760 2558 793 2597 1.

548 2608 697 2657 nem-y

546 2662 699 2697 vastes

549 2708 705 2757 Anjou.

552 3381 787 3472 3333„

552 3460 694 3523 witbe.
732 3443 799 3472 e.-

862 488 992 554 188
1384 503 1521 551 noc
1532 503 1653 550 Em
1701 501 1796 549 nn
1843 501 2255 550 wunnovnn

866 678 1117 743 corpus
1149 659 1301 744 ejus
1345 658 1862 722 sanctissimum
1894 658 2121 723 suerat
2162 659 2356 741 prius
2384 659 2769 735 inventum,

867 767 939 824 et
975 761 1048 824 in
1092 779 1276 823 novo
1318 759 1572 824 feretro
1610 758 2026 822 collocatum
2062 780 2080 839 3
2150 758 2339 824 sacta
2377 767 2484 824 est
2531 765 2767 823 autem

868 859 1016 925 baec
1045 859 1411 924 translatio
1443 860 1512 922 in
1550 859 1661 922 die
1691 858 2035 941 passionis
2073 859 2384 944 ejusdem
2415 859 2770 944 martyriS,

868 960 1132 1024 decimo
1197 958 1534 1024 kalendas
1623 958 2072 1041 Septembris,
2224 959 2484 1024 Eodem
2555 960 2768 1024 etiam

868 1080 1052 1124 anno
1084 1066 1369 1124 sanctus
1404 1057 1753 1122 Godricus
1798 1059 1984 1141 apud
2022 1057 2355 1124 Fincbale
2381 1060 2600 1124 vitam
2648 1058 2767 1124 be-

867 1161 1264 1225 remeticam
1314 1158 1693 1235 inchoavit,
1745 1178 1957 1241 quam
2017 1179 2142 1243 per
2195 1178 2414 1223 annos
2469 1160 2770 1242 quadra-

868 1261 1067 1344 ginta
1112 1259 1552 1326 laudabiliter
1596 1258 1977 1341 complens,
2007 1278 2216 1323 carne
2249 1261 2530 1324 tandem
2575 1259 2764 1324 solu-

869 1369 1008 1439 tus,
1033 1360 1187 1426 caeli
1222 1359 1562 1443 palatium
1588 1359 2014 1436 conscendit,
2043 1360 2486 1425 aeternalibus
2514 1360 2770 1424 delitiis

869 1461 1123 1527 ibidem
1168 1459 1505 1524 fruiturus
1546 1477 1702 1522 cum
1739 1460 2024 1525 sanctiS.
2128 1459 2290 1524 Hoc
2333 1462 2542 1525 etiam
2584 1480 2768 1524 anno

866 1568 1143 1625 cometa
1172 1560 1497 1643 apparuit
1530 1578 1720 1623 more
1765 1559 2071 1637 insolito,
2101 1580 2287 1638 nam,
2317 1581 2475 1625 cum
2510 1561 2596 1624 ab
2630 1561 2770 1625 ori-

871 1669 1029 1726 ente
1086 1678 1379 1743 surgens
1429 1660 1501 1723 in
1550 1659 2060 1724 firmamentum
2126 1660 2572 1738 ascendisset,
2625 1681 2767 1724 non

870 1761 1219 1845 progredi,
1280 1760 1402 1824 sed
1455 1759 1728 1841 regredi
1778 1760 2163 1825 videbatur.
2268 1759 2530 1825 Eodem
2599 1781 2770 1826 vero

871 1869 1179 1945 tempore
1238 1880 1364 1925 rex
1425 1859 1871 1924 Hierusalem
1932 1859 2376 1924 Baldewinus
2429 1860 2770 1939 Beritum,

870 1963 1223 2027 civitatem
1261 1960 1616 2024 Phoenicis
1644 1959 1946 2041 regionis
1980 1960 2421 2038 maritimam,
2450 1967 2775 2044 potenter

872 2063 1317 2147 subjugatam
1377 2058 1737 2124 catholicae
1789 2060 2096 2123 restituit
2139 2060 2388 2125 unitati
2420 2081 2438 2141 3
2498 2068 2607 2125 est
2652 2081 2772 2126 au—

874 2169 1012 2229 tem
1042 2163 1179 2226 sita
1206 2161 1387 2224 inter
1420 2159 1704 2224 Biblum
1733 2167 1806 2224 et
1841 2159 2165 2224 Sidonem
2200 2161 2542 2226 civitates.

877 2333 1054 2414 Quod
1089 2355 1198 2398 rex
1227 2334 1543 2400 Hmrious
1571 2345 1806 2400 terram
1834 2336 2071 2401 comitis
2098 2336 2562 2422 Anchyavensis
2585 2337 2778 2422 yravi

1412 2435 1878 2522 dqmpulatione
1911 2437 2224 2500 contrivit.

974 2560 1182 2625 Anno
1224 2561 1508 2625 Domini
1554 2578 1769 2628 mcxl.
1817 2582 1946 2625 rex
1991 2560 2380 2645 Anglorum
2422 2561 2778 2626 Henricus

872 2681 1167 2746 pergens
1210 2662 1284 2725 in
1331 2660 1834 2726 Normanniam
1883 2669 2129 2726 contra
2173 2664 2494 2727 comitem
2539 2662 2776 2726 Ande·

872 2781 1274 2845 gavensem,
1296 2762 1416 2844 qui
1442 2760 1986 2827 cenomanniam
2012 2763 2100 2827 ab
2120 2783 2203 2827 eo
2224 2763 2506 2827 tenebat
2527 2763 2776 2839 invito,

871 2881 1107 2926 werrae
1152 2862 1343 2943 leges
1372 2869 1618 2925 contra
1661 2882 1818 2926 eum
1864 2861 2045 2927 ferro
2091 2862 2294 2927 simul
2341 2870 2411 2927 et
2454 2862 2776 2926 incendio

870 2969 1271 3027 constanter
1310 2963 1648 3039 exercuit,
1683 2963 2047 3046 ipsumque
2092 2971 2162 3027 et
2196 2970 2449 3027 terram
2482 2962 2636 3047 ejus
2670 2969 2774 3026 to-

871 3069 1013 3126 tam
1048 3061 1249 3144 gravi
1282 3061 1818 3145 depopulatione
1852 3062 2196 3126 contrivit.

928 3242 1029 3306 Do
1054 3250 1273 3305 sancta
1300 3238 1782 3305 Fretheswwitka
1811 3248 1868 3303 et
1895 3239 2026 3323 ojm
2051 3238 2308 3303 ocoksiae
2319 3238 2726 3324 fundatione.

948 3364 1210 3429 Eodem
1229 3372 1539 3448 tempore
1561 3358 1938 3445 ¹Rogeru8,
1957 3364 2488 3429 Sarisberiensis
2510 3364 2778 3448 episco-

874 3484 1028 3548 pus,
1058 3464 1248 3529 dedit
1278 3464 1508 3529 locum
1540 3465 1613 3528 in
1647 3464 1952 3541 Oxonia,
1985 3464 2056 3527 in
2091 3484 2228 3547 quo
2265 3484 2515 3548 corpus
2549 3466 2775 3529 beatae

878 3564 1399 3630 Fretheswithae
1418 3565 1712 3646 virginis
1728 3565 2124 3648 requiescit,
2147 3565 2418 3630 cuidam
2442 3565 2779 3630 canonico

875 3666 1149 3730 nomine
1184 3663 1588 3741 Wimundo,
1634 3665 1778 3747 qui,
1823 3664 2083 3728 multos
2117 3664 2212 3728 ibi
2247 3665 2621 3730 canonicos
2675 3686 2780 3729 re-

874 3766 1209 3848 gulariter
1272 3765 1588 3829 viventes
1648 3764 1944 3848 Deoque
2003 3764 2419 3829 famulantes
2471 3764 2777 3831 devotis-

872 3868 1043 3930 sime
1085 3866 1483 3942 instituenS,
1516 3884 1726 3947 super
1757 3864 1917 3928 illos
1954 3865 2141 3930 vices
2187 3865 2473 3947 gerebat
2503 3865 2773 3949 prioris.

877 3965 1138 4031 Fuerat
1194 3972 1425 4028 autem
1477 3965 1868 4046 antiquitus
1919 3984 2046 4048 pro
2099 3966 2488 4029 reverentia
2551 3968 2776 4031 beatae

871 4066 1162 4147 virginis
1206 4064 1848 4129 sanctimonialibus
1885 4064 2286 4148 deputatuS,
2336 4084 2493 4147 quae
2524 4060 2777 4149 Sponsi

870 4230 940 4354 P¹
960 4236 1223 4354 153¹ng
1216 4234 1597 4353 sarisberiensis
1611 4233 1901 4299 episcopum]
1922 4236 2173 4298 Compare
2192 4235 2537 4297 Malmsbury,
2552 4236 2617 4285 de
2631 4236 2778 4288 Gest-

917 4320 981 4354 on
1004 4320 1020 4353 ι
1046 4340 1060 4355 .
1084 4320 1136 4367 p.
1260 4339 1273 4357 .
