3108 5059
791 470 925 538 388
1311 487 1580 534 nocam
1629 487 1723 534 nn
1748 485 2173 536 wnunovnn

468 659 715 704 anun.
793 644 924 708 bus
966 661 1121 709 cum
1168 664 1252 710 eo
1288 643 1727 721 introductis,
1760 643 1951 726 prior
1989 647 2095 706 est
2133 642 2223 705 ab
2266 638 2509 704 eodem
2548 639 2697 722 epi-

791 763 1004 827 scopo
1037 745 1464 826 assignatuS,
1493 743 1661 808 etin
1692 762 1824 807 sua
1856 742 2017 806 sede
2044 741 2445 806 solemniter
2478 738 2694 802 collo-

791 852 1017 908 catus,
1093 843 1254 923 Quo
1286 845 1494 908 etiam
1529 853 1840 926 tempore
1870 861 1997 905 rex
2030 839 2446 923 Anglorum,
2481 859 2698 920 regno

793 963 920 1027 pro
965 961 1096 1008 sua
1135 944 1496 1009 voluntate
1541 942 1906 1024 disposito,
1958 941 2223 1005 decimo
2268 941 2513 1022 quinto
2564 937 2693 1003 ka'-

781 1043 1034 1108 lendas
1071 1044 1496 1127 Septembris
1539 1044 1612 1107 in
1646 1041 2150 1107 Normanniam
2189 1038 2695 1117 transfretavit,

782 1151 888 1220 et,
938 1143 1296 1208 confestim
1347 1145 1528 1208 inter
1584 1161 1817 1224 regem
1872 1142 2293 1206 Francorum
2342 1147 2415 1204 et
2463 1138 2692 1222 ipsum

791 1243 1029 1308 habito
1065 1244 1434 1326 colloquio,
1487 1243 1617 1308 boc
1662 1240 1867 1306 modo
1914 1240 2355 1306 concordiam
2408 1240 2688 1319 ineunt3

781 1349 812 1406 .‘
835 1337 1017 1427 Ego¹
1059 1343 1498 1420 Lodowicus,
1543 1363 1670 1408 rex
1710 1343 2162 1419 Francorum,
2196 1347 2269 1405 et
2311 1354 2444 1422 ego
2490 1339 2691 1404 Hen-

791 1444 1001 1522 ricuS,
1036 1463 1160 1509 rex
1197 1442 1609 1524 Anglorum,
1648 1443 1969 1507 volumus
2018 1441 2107 1506 ad
2156 1441 2459 1504 omnium
2511 1442 2691 1506 noti-

791 1545 963 1609 tiam
999 1544 1386 1626 pervenire,
1431 1562 1585 1620 noS,
1633 1543 1788 1607 Deo
1829 1542 2235 1624 inspirante,
2288 1541 2687 1624 promisisse

789 1651 864 1709 et
904 1644 1303 1728 juramento
1335 1643 1797 1720 confirmasse,
1843 1642 2028 1725 quod
2076 1641 2281 1706 simul
2314 1641 2563 1706 ibimus
2608 1641 2685 1706 in

791 1745 1146 1808 servitium
1182 1741 1540 1821 crucifixi,
1572 1749 1645 1807 et
1676 1743 1841 1807 ituri
1874 1741 2441 1824 Hierosolymam
2466 1741 2689 1806 susci-

788 1845 1054 1928 piemus
1097 1843 1552 1925 signaculum,
1568 1849 1831 1907 sanctae
1876 1842 2126 1919 crucis,
2170 1848 2240 1906 et
2282 1840 2531 1905 amodo
2562 1861 2688 1922 γορ

783 1944 1016 2008 lumus
1061 1959 1214 2008 esse
1264 1944 1468 2008 amici
1513 1942 1603 2025 ad
1646 1943 1966 2019 invicem,
2010 1941 2115 2006 ita
2162 1941 2346 2025 q'uod
2396 1945 2685 2024 uterque

788 2052 1104 2119 ,nostrum
1147 2043 1350 2108 alteri
1396 2041 1836 2108 conservabit
1889 2041 2105 2107 vitam
2149 2048 2221 2105 et
2264 2043 2571 2106 membra
2615 2051 2689 2106 et

783 2143 1118 2208 honorem
1179 2150 1526 2208 terrenum
1587 2149 1833 2208 contra
1888 2160 2126 2206 omnes
2174 2141 2526 2222 homines3
2590 2150 2684 2220 et,

785 2243 853 2306 si
914 2260 1366 2327 quaecumque
1428 2261 1727 2326 persona
1789 2242 1991 2306 alteri
2054 2248 2367 2307 nostrum
2428 2242 2687 2306 malum

785 2343 1013 2410 facer-e
1061 2343 1606 2427 praesumpserit,
1655 2361 1789 2424 ego
1838 2341 2191 2407 Henricus
2229 2341 2497 2426 juvabo
2550 2342 2688 2407 Lo-

787 2443 1153 2521 dowicum,
1217 2463 1450 2526 regem
1520 2443 1971 2520 Francorum,
2034 2440 2383 2506 dominum
2433 2461 2686 2521 meum,

784 2561 916 2609 con
927 2552 1034 2609 tra
1063 2564 1302 2609 omnes
1331 2544 1681 2623 homines3
1728 2549 1801 2607 et
1826 2563 1957 2626 ego
1980 2542 2401 2611 Lodowicus
2420 2543 2688 2626 juvabo

789 2662 1019 2726 regem
1051 2643 1440 2727 Anglorum
1478 2643 2142 2711 Henricuchntra
2186 2650 2422 2707 omnes
2466 2642 2691 2708 homi-

788 2764 936 2821 nes,
999 2745 1182 2810 sicut
1241 2743 1508 2809 fidelem
1560 2762 1813 2821 meum,
1867 2743 2068 2807 salva
2118 2743 2251 2807 fide
2300 2761 2511 2824 quam
2570 2744 2685 2807 de-

787 2844 1028 2907 bemus
1080 2844 1471 2909 hominibus
1523 2844 1781 2907 nostris
1831 2842 2157 2925 quamdiu
2211 2844 2409 2907 nobis
2466 2843 2690 2908 fideli-

784 2927 1006 3007 tatem
1056 2944 1478 3007 servabunt?
1582 2941 1767 3007 Acta
1814 2949 2045 3007 autem
2092 2950 2255 3008 sunt
2304 2943 2455 3008 haec
2498 2944 2686 3029 apud

786 3040 888 3107 M
867 3050 1221 3108 mantcurt
1253 3043 1546 3126 septimo
1576 3042 1910 3107 kalendas
1942 3042 2284 3107 Octobris.

1067 3215 1170 3309 De
1181 3215 1571 3302 fundatione
1599 3216 1958 3281 monasterii
1988 3216 2061 3281 de
2104 3217 2455 3283 Westwode.
2547 3246 2556 3255 ·

458 3357 568 3397 ΑΗΒ
591 3356 706 3397 1178.
900 3338 1110 3404 Anno
1143 3340 1423 3404 Domini
1464 3352 1893 3405 Mcnxxvm.
1929 3340 2325 3409 Richardus
2364 3343 2450 3407 de
2483 3343 2681 3423 Luci,

458 3407 693 3508 Χὶἓῗωᾱ
781 3438 1060 3521 Angliae
1094 3440 1550 3524 justiciarius,
1596 3441 1801 3505 tertio
1851 3441 2007 3505 idus
2042 3441 2089 3506 J
2098 3442 2240 3506 unii
2271 3442 2684 3509 fundamen-

455 3506 654 3550 ’ΜΨ
782 3546 858 3604 ta
899 3539 1076 3623 jecit
1119 3540 1207 3604 ad
1272 3540 1808 3619 construendam
1852 3541 2214 3609 ecclesiam
2258 3550 2687 3609 conventua-

780 3640 914 3727 lem
961 3641 1034 3705 in
1079 3640 1406 3705 honorem
1445 3641 1639 3704 beati
1684 3639 1975 3705 Thomae
2007 3644 2331 3725 martyris
2378 3644 2451 3706 in
2500 3643 2685 3722 loco,

780 3740 902 3823 qui
955 3748 1246 3815 vocatur
1307 3734 1770 3817 ²Westwode,
1818 3741 1892 3803 in
1953 3742 2301 3807 territorio
2347 3742 2683 3809 Roffensi

848 3938 865 3970 ¹
884 3943 995 4004 Ego
1031 3943 1358 4009 [mimicum]
1413 3944 1621 4006 Rymer,
1663 3944 1701 3993 i.
1823 3940 1847 3973 ²
1866 3944 2179 4009 Westwmm]
2213 3946 2377 3995 called
2410 3948 2519 3997 also
2558 3948 2685 3999 Les-⁶

774 4026 840 4072 p.
852 4012 934 4061 50.
1004 4006 1294 4075 According
1320 4020 1372 4063 to
1408 4014 1701 4076 Brompton,
1749 4028 1840 4063 nes
1863 4016 2054 4076 abbey;
2090 4017 2397 4078 suppressed
2420 4019 2487 4079 by
2504 4018 2682 4081 Henry

773 4080 876 4129 this
906 4088 1194 4141 agreement
1213 4097 1325 4133 was
1354 4085 1565 4133 entered
1596 4085 1701 4134 into
1750 4084 1936 4135 VIII.
1946 4086 1999 4133 in
2035 4088 2185 4146 1⁵24,
2217 4091 2269 4135 to
2300 4086 2497 4137 furnish
2532 4096 2565 4137 a
2604 4106 2686 4139 re-

772 4154 827 4198 at
843 4150 1040 4211 Rouen,
1059 4166 1125 4200 on
1139 4152 1224 4201 the
1245 4157 1362 4203 2lst
1382 4155 1701 4219 September-3
1749 4169 1914 4204 venue
1949 4154 2027 4203 for
2063 4156 2291 4218 Wolsey,
2334 4161 2386 4207 to
2431 4159 2585 4208 assist
2628 4161 2681 4209 in

771 4220 874 4285 col
896 4224 1044 4273 1134.
1408 4266 1420 4285 ,ι
1749 4224 1983 4286 building
2014 4223 2095 4274 his
2133 4228 2354 4289 colleges
2390 4232 2446 4277 at
2482 4229 2681 4281 Oxford

1748 4296 1850 4344 and
1872 4294 2116 4357 Ipswich.
