3108 5059
531 659 641 700 AD.
662 661 774 700 1083.

534 710 628 749 Life
644 711 694 750 ol

531 759 739 802 waltun.

543 3677 718 3717 Couneil
734 3678 783 3717 or

547 3728 775 3767 Clermont.

844 471 937 537 ⁵6
1354 489 1625 538 nocam
1679 489 1775 538 nn
1823 485 2234 538 wmmovnn

852 645 989 712 Dei
1021 646 1388 712 Wlstanus
1427 667 1565 711 non
1611 646 1838 711 solum
1879 647 2354 730 possessiones
2395 641 2752 709 revocavit

852 748 1134 831 petitaS,
1178 747 1300 810 sed
1344 755 1417 811 et
1449 747 1813 812 ecclesiam
1859 767 2081 825 suam,
2109 767 2272 830 rege
2310 743 2754 820 concedente,

854 867 939 912 ea
982 847 1301 912 libertate
1348 847 1636 912 liberam
1685 847 2018 930 suscepit,
2058 867 2200 930 qua
2241 844 2644 910 fundatores
2673 843 2756 906 il-

854 947 989 1011 lius
1022 967 1148 1012 rex
1182 946 1510 1012 Alfredus
1549 956 1623 1012 et
1649 948 1834 1012 filius
1867 948 2019 1032 ejus
2054 946 2488 1012 Eadwardus
2531 945 2754 1027 ipsam

853 1048 1140 1112 liberam
1156 1048 1463 1112 fecerant
1491 1055 1566 1112 et
1579 1067 2016 1115 successores
2039 1067 2302 1112 eorum.
2349 1046 2456 1110 Tu
2465 1065 2550 1110 nc
2569 1043 2756 1108 Tho·-

854 1168 1005 1213 mas
1034 1148 1618 1232 archiepiscopuS,
1655 1150 1860 1213 beato
1885 1148 2212 1213 Wlstano
2246 1148 2566 1213 omnibus
2595 1163 2757 1228 pos·

857 1249 1281 1314 sessionibus
1332 1257 1404 1313 et
1447 1249 1883 1314 libertatibus
1927 1249 2295 1325 restitutis,
2347 1248 2572 1313 virum
2621 1244 2758 1310 Dei

858 1350 1367 1414 sanctissimum
1402 1350 1641 1413 multis
1673 1349 1992 1432 precibus
2031 1349 2479 1425 sollicitabat,
2509 1353 2592 1410 ut
2619 1365 2756 1410 non

856 1450 1083 1514 solum
1112 1469 1309 1514 suam
1349 1449 1712 1514 ecclesiam
1761 1450 2048 1532 pacifice
2081 1449 2491 1532 possideret,
2521 1446 2642 1510 sed
2689 1455 2761 1511 et

860 1549 1257 1633 parochiam
1324 1550 1831 1614 Eboracensem
1897 1551 2181 1615 visitare
2241 1557 2310 1614 et
2373 1566 2538 1612 suos
2593 1567 2672 1610 su
2683 1549 2758 1611 b-

851 1651 1080 1735 jectos
1144 1651 1487 1732 religiosis
1552 1650 1922 1714 informare
1975 1650 2280 1715 moribus
2331 1649 2760 1732 dignaretur.

861 1751 1070 1816 Vixit
1104 1758 1334 1815 autem
1385 1757 1632 1833 postea
1677 1751 2116 1816 beatissimus
2177 1751 2470 1814 antistes
2499 1749 2763 1814 Wlsta·

862 1871 1015 1929 nus,
1050 1852 1235 1916 omni
1268 1871 1519 1934 genere
1556 1851 1891 1916 virtutum
1937 1852 2206 1935 plenus,
2239 1869 2460 1934 usque
2503 1849 2591 1914 ad
2637 1868 2760 1912 an-

863 1972 1027 2016 num
1071 1959 1508 2036 praesentem,
1536 1951 1608 2015 id
1643 1959 1775 2029 est,
1809 1952 2062 2018 divinae
2089 1950 2588 2016 incarnationis
2613 1950 2765 2013 mil-

864 2052 1197 2126 lesimum,
1230 2053 1751 2134 nonagesimum
1797 2053 2139 2134 quintum,
2186 2071 2323 2134 quo
2374 2052 2640 2135 utique,
2685 2059 2762 2115 ut

865 2152 1267 2236 praedictum
1299 2160 1429 2230 est,
1458 2170 1668 2230 anno,
1687 2152 1952 2217 decimo
1981 2161 2229 2235 quarto
2263 2151 2598 2216 kalendas
2631 2151 2764 2215 Fe-

868 2253 1155 2330 bruarii,
1208 2272 1297 2318 ex
1330 2251 1461 2316 hac
1486 2252 1637 2317 vita
1684 2254 2028 2317 transiens
2079 2273 2208 2336 pro
2259 2254 2465 2317 rebus
2511 2252 2763 2315 transi-

868 2353 1063 2416 toriis
1110 2353 1562 2418 commutavit
1588 2361 1926 2433 aeternas3
1971 2353 2172 2437 cujus
2210 2353 2546 2418 transitus
2595 2351 2768 2416 hora

868 2452 1179 2517 Roberto
1232 2452 1732 2518 Herefordensi
1776 2455 2126 2541 episcopo,
2181 2455 2252 2518 in
2295 2452 2551 2538 oppido
2583 2453 2764 2537 quod

868 2552 1192 2619 Crickela
1222 2555 1499 2631 dicitur,
1528 2556 1602 2618 in
1627 2554 1889 2620 visione
1923 2556 2273 2637 apparuit,
2305 2563 2377 2620 et
2410 2554 2536 2631 illi,
2566 2562 2646 2619 ut
2673 2554 2760 2619 ad

866 2674 943 2720 se
965 2655 1444 2719 tumulandum
1464 2654 1905 2738 wigorniam
1928 2663 2354 2739 properaret,
2383 2655 2762 2721 mandavit.

866 2752 1225 2818 Annulum
1260 2775 1558 2838 quoque,
1594 2775 1750 2819 cum
1783 2776 1921 2838 quo
1949 2757 2412 2839 pontificalem
2439 2775 2765 2840 suscepe-

867 2862 978 2919 rat
1017 2857 1629 2934 consecrationem,
1665 2857 2006 2920 neminem
2054 2876 2095 2920 a
2136 2856 2358 2939 digito
2399 2855 2766 2921 extrahere

867 2956 1206 3038 permisit,
1232 2976 1319 3019 ne
1351 2963 1513 3039 post
1538 2965 1828 3021 mortem
1877 2976 2074 3021 suam
2107 2976 2272 3021 suos
2307 2956 2544 3021 fallere
2578 2957 2769 3022 vide-

866 3064 1083 3134 retur,
1136 3057 1390 3140 quibus
1451 3057 1874 3139 praedixerat
1927 3056 2332 3141 saepissime,
2384 3058 2584 3121 illum
2645 3077 2770 3121 nec

868 3156 1015 3220 vita
1064 3158 1313 3220 comite
1358 3176 1433 3219 se
1480 3157 1768 3240 perdere
1795 3156 2000 3235 velle,
2035 3177 2161 3221 nec
2213 3159 2420 3222 etiam
2467 3157 2580 3221 die
2625 3177 2770 3221 suae

866 3256 1267 3338 sepulturae.

1010 3431 1253 3517 Incipit
1285 3432 1612 3497 concilium
1655 3431 1903 3497 Urbani
1911 3454 2105 3518 papa:
2137 3432 2210 3497 do
2237 3432 2614 3519 expeditione

1615 3532 2026 3597 Antiochenam.

970 3658 1229 3723 Eodem
1280 3678 1485 3735 anno,
1541 3658 1612 3722 id
1664 3666 1794 3735 est,
1837 3658 2223 3722 Dominicae
2273 3658 2770 3723 incarnationis

870 3776 1129 3837 MXCV„
1193 3760 1509 3823 dominus
1568 3776 1752 3842 papa
1805 3744 2137 3823 Urbanus
2181 3751 2404 3841 ¹apud
2455 3758 2771 3823 Clarum-

868 3867 1173 3923 montem
1193 3861 1546 3924 civitatem
1565 3858 1930 3924 Arverniae
1949 3858 2313 3923 concilium
2332 3865 2603 3937 tenens,
2625 3859 2774 3923 haec

944 4102 1128 4167 'Apud
1176 4104 1644 4167 Clarum-montem.]
1691 4102 1798 4152 The
1850 4103 2004 4153 taken
2047 4102 2172 4152 from
2215 4104 2556 4166 Malmsbury,
2598 4104 2624 4171 ξ
2661 4110 2774 4159 345,

866 4175 1069 4223 council
1084 4174 1143 4222 of
1152 4173 1423 4235 clermont,
1436 4174 1488 4221 in
1502 4176 1797 4236 Auvergne,
1848 4173 1954 4222 The
1976 4179 2086 4222 acts
2108 4173 2166 4222 of
2181 4172 2266 4222 the
2288 4174 2490 4223 council
2511 4190 2598 4225 are
2618 4179 2775 4239 print-

870 4258 979 4292 was
1034 4244 1153 4293 held
1208 4244 1262 4292 in
1318 4243 1607 4293 November
1652 4248 1796 4293 1⁰95.
1849 4246 1912 4292 ed
1948 4244 2001 4291 in
2035 4244 2276 4293 Harduin
2297 4244 2399 4293 and
2433 4245 2577 4295 other
2597 4248 2776 4299 collec-

868 4310 975 4361 The
1020 4314 1279 4377 following
1323 4320 1537 4364 account
1581 4314 1640 4363 of
1678 4316 1719 4364 it
1751 4315 1796 4363 is
1848 4314 1995 4377 tionS,
2020 4314 2086 4362 ad
2111 4330 2193 4364 an.
2218 4318 2365 4364 1095.
