<?xml version="1.0" encoding="UTF-8"?>
<!DOCTYPE html PUBLIC "-//W3C//DTD XHTML 1.0 Transitional//EN"
    "http://www.w3.org/TR/xhtml1/DTD/xhtml1-transitional.dtd">
<html xmlns="http://www.w3.org/1999/xhtml" xml:lang="en" lang="en">
 <head>
  <title>
</title>
<meta http-equiv="Content-Type" content="text/html;charset=utf-8" />
  <meta name='ocr-system' content='tesseract 3.04.00' />
  <meta name='ocr-capabilities' content='ocr_page ocr_carea ocr_par ocr_line ocrx_word'/>
</head>
<body>
  <div class='ocr_page' id='page_1' title='image "./rogeridewendove00coxegoog_0302.png"; bbox 0 0 3108 5059; ppageno 0'>
   <div class='ocr_carea' id='block_1_1' title="bbox 815 479 2205 546">
    <p class='ocr_par' dir='ltr' id='par_1_1' title="bbox 815 479 2205 546">
     <span class='ocr_line' id='line_1_1' title="bbox 815 479 2205 546; baseline -0.004 -1"><span class='ocrx_word' id='word_1_1' title='bbox 815 479 948 546; x_wconf 82' lang='lat'><strong>294</strong></span> <span class='ocrx_word' id='word_1_2' title='bbox 1329 492 1599 541; x_wconf 69' lang='lat' dir='ltr'><strong>nocem</strong></span> <span class='ocrx_word' id='word_1_3' title='bbox 1646 491 1741 540; x_wconf 76' lang='lat' dir='ltr'><strong>ns</strong></span> <span class='ocrx_word' id='word_1_4' title='bbox 1786 491 2205 541; x_wconf 67' lang='lat' dir='ltr'><strong>wennovmt</strong></span> 
     </span>
    </p>
   </div>
   <div class='ocr_carea' id='block_1_2' title="bbox 500 646 2771 4336">
    <p class='ocr_par' dir='ltr' id='par_1_2' title="bbox 500 646 2771 4336">
     <span class='ocr_line' id='line_1_2' title="bbox 500 646 2733 733; baseline -0.003 -17"><span class='ocrx_word' id='word_1_5' title='bbox 500 675 613 716; x_wconf 44' lang='lat' dir='ltr'><strong>an.</strong></span> <span class='ocrx_word' id='word_1_6' title='bbox 635 675 747 716; x_wconf 75' lang='lat'><strong>11⁶2.</strong></span> <span class='ocrx_word' id='word_1_7' title='bbox 821 649 1211 717; x_wconf 85' lang='lat' dir='ltr'><strong>coenobium</strong></span> <span class='ocrx_word' id='word_1_8' title='bbox 1237 649 1427 715; x_wconf 87' lang='lat' dir='ltr'><strong>beati</strong></span> <span class='ocrx_word' id='word_1_9' title='bbox 1457 646 1718 713; x_wconf 89' lang='lat' dir='ltr'><strong>Albani</strong></span> <span class='ocrx_word' id='word_1_10' title='bbox 1748 649 2281 733; x_wconf 83' lang='lat' dir='ltr'><strong>protomartyris</strong></span> <span class='ocrx_word' id='word_1_11' title='bbox 2312 646 2733 730; x_wconf 83' lang='lat' dir='ltr'><strong>Anglorum,</strong></span> 
     </span>
     <span class='ocr_line' id='line_1_3' title="bbox 827 748 2735 833; baseline -0.002 -16"><span class='ocrx_word' id='word_1_12' title='bbox 827 752 1140 817; x_wconf 83' lang='lat' dir='ltr'><strong>Roberto</strong></span> <span class='ocrx_word' id='word_1_13' title='bbox 1188 749 1274 814; x_wconf 88' lang='lat' dir='ltr'><strong>de</strong></span> <span class='ocrx_word' id='word_1_14' title='bbox 1325 748 1704 814; x_wconf 83' lang='lat' dir='ltr'><strong>Chaisueto</strong></span> <span class='ocrx_word' id='word_1_15' title='bbox 1765 749 2091 833; x_wconf 85' lang='lat' dir='ltr'><strong>episcopo</strong></span> <span class='ocrx_word' id='word_1_16' title='bbox 2139 757 2415 833; x_wconf 80' lang='lat' dir='ltr'><strong>agente,</strong></span> <span class='ocrx_word' id='word_1_17' title='bbox 2460 755 2531 814; x_wconf 88' lang='lat' dir='ltr'><strong>et</strong></span> <span class='ocrx_word' id='word_1_18' title='bbox 2582 749 2735 814; x_wconf 82' lang='lat' dir='ltr'><strong>Ro-</strong></span> 
     </span>
     <span class='ocr_line' id='line_1_4' title="bbox 825 848 2735 928; baseline -0.002 -12"><span class='ocrx_word' id='word_1_19' title='bbox 825 854 1024 916; x_wconf 90' lang='lat' dir='ltr'><strong>berto</strong></span> <span class='ocrx_word' id='word_1_20' title='bbox 1054 850 1140 915; x_wconf 91' lang='lat' dir='ltr'><strong>de</strong></span> <span class='ocrx_word' id='word_1_21' title='bbox 1171 849 1506 928; x_wconf 84' lang='lat' dir='ltr'><strong>Gorham,</strong></span> <span class='ocrx_word' id='word_1_22' title='bbox 1557 851 1809 914; x_wconf 80' lang='lat' dir='ltr'><strong>abbate</strong></span> <span class='ocrx_word' id='word_1_23' title='bbox 1852 848 1939 919; x_wconf 84' lang='lat' dir='ltr'><strong>de</strong></span> <span class='ocrx_word' id='word_1_24' title='bbox 1990 856 2235 914; x_wconf 86' lang='lat' dir='ltr'><strong>sancto</strong></span> <span class='ocrx_word' id='word_1_25' title='bbox 2266 848 2570 927; x_wconf 86' lang='lat' dir='ltr'><strong>Albano,</strong></span> <span class='ocrx_word' id='word_1_26' title='bbox 2613 848 2735 913; x_wconf 89' lang='lat' dir='ltr'><strong>de-</strong></span> 
     </span>
     <span class='ocr_line' id='line_1_5' title="bbox 827 949 2735 1036; baseline -0.001 -20"><span class='ocrx_word' id='word_1_27' title='bbox 827 949 1176 1028; x_wconf 84' lang='lat' dir='ltr'><strong>fendente,</strong></span> <span class='ocrx_word' id='word_1_28' title='bbox 1228 950 1301 1014; x_wconf 91' lang='lat' dir='ltr'><strong>in</strong></span> <span class='ocrx_word' id='word_1_29' title='bbox 1356 950 1727 1036; x_wconf 75' lang='lat' dir='ltr'><strong>praesentia</strong></span> <span class='ocrx_word' id='word_1_30' title='bbox 1769 950 1953 1032; x_wconf 81' lang='lat' dir='ltr'><strong>regis</strong></span> <span class='ocrx_word' id='word_1_31' title='bbox 1998 949 2294 1014; x_wconf 87' lang='lat' dir='ltr'><strong>Henrici</strong></span> <span class='ocrx_word' id='word_1_32' title='bbox 2334 949 2618 1014; x_wconf 87' lang='lat' dir='ltr'><strong>secundi</strong></span> <span class='ocrx_word' id='word_1_33' title='bbox 2662 955 2735 1014; x_wconf 91' lang='lat' dir='ltr'><strong>et</strong></span> 
     </span>
     <span class='ocr_line' id='line_1_6' title="bbox 830 1048 2739 1134; baseline -0.002 -17"><span class='ocrx_word' id='word_1_34' title='bbox 830 1050 1529 1134; x_wconf 87' lang='lat' dir='ltr'><strong>archiepiscoporum,</strong></span> <span class='ocrx_word' id='word_1_35' title='bbox 1565 1048 1855 1114; x_wconf 75' lang='lat' dir='ltr'><strong>Thomas</strong></span> <span class='ocrx_word' id='word_1_36' title='bbox 1912 1049 2433 1115; x_wconf 83' lang='lat' dir='ltr'><strong>Cantuariensis</strong></span> <span class='ocrx_word' id='word_1_37' title='bbox 2472 1057 2544 1114; x_wconf 86' lang='lat' dir='ltr'><strong>et</strong></span> <span class='ocrx_word' id='word_1_38' title='bbox 2590 1049 2739 1114; x_wconf 82' lang='lat' dir='ltr'><strong>Ro-</strong></span> 
     </span>
     <span class='ocr_line' id='line_1_7' title="bbox 831 1149 2740 1236; baseline -0.005 -20"><span class='ocrx_word' id='word_1_39' title='bbox 831 1153 981 1236; x_wconf 82' lang='lat' dir='ltr'><strong>geri</strong></span> <span class='ocrx_word' id='word_1_40' title='bbox 1024 1151 1509 1229; x_wconf 86' lang='lat' dir='ltr'><strong>Eboracensis,</strong></span> <span class='ocrx_word' id='word_1_41' title='bbox 1561 1157 1635 1215; x_wconf 90' lang='lat' dir='ltr'><strong>et</strong></span> <span class='ocrx_word' id='word_1_42' title='bbox 1666 1150 2170 1234; x_wconf 82' lang='lat' dir='ltr'><strong>episcoporum,</strong></span> <span class='ocrx_word' id='word_1_43' title='bbox 2217 1149 2507 1214; x_wconf 83' lang='lat' dir='ltr'><strong>Hem-ici</strong></span> <span class='ocrx_word' id='word_1_44' title='bbox 2538 1149 2740 1214; x_wconf 57' lang='lat' dir='ltr'><strong>Wina</strong></span> 
     </span>
     <span class='ocr_line' id='line_1_8' title="bbox 837 1249 2742 1330; baseline -0.003 -12"><span class='ocrx_word' id='word_1_45' title='bbox 837 1251 1195 1330; x_wconf 71' lang='lat' dir='ltr'><strong>tuiliensis,</strong></span> <span class='ocrx_word' id='word_1_46' title='bbox 1227 1250 1565 1316; x_wconf 80' lang='lat' dir='ltr'><strong>willelmi</strong></span> <span class='ocrx_word' id='word_1_47' title='bbox 1612 1249 2109 1328; x_wconf 85' lang='lat' dir='ltr'><strong>Norwicensis,</strong></span> <span class='ocrx_word' id='word_1_48' title='bbox 2158 1250 2205 1315; x_wconf 85' lang='lat' dir='ltr'><strong>J</strong></span> <span class='ocrx_word' id='word_1_49' title='bbox 2210 1251 2461 1316; x_wconf 86' lang='lat' dir='ltr'><strong>ocelini</strong></span> <span class='ocrx_word' id='word_1_50' title='bbox 2500 1249 2742 1314; x_wconf 86' lang='lat' dir='ltr'><strong>Sares-</strong></span> 
     </span>
     <span class='ocr_line' id='line_1_9' title="bbox 835 1349 2743 1430; baseline -0.003 -11"><span class='ocrx_word' id='word_1_51' title='bbox 835 1352 1195 1430; x_wconf 85' lang='lat' dir='ltr'><strong>heriensis,</strong></span> <span class='ocrx_word' id='word_1_52' title='bbox 1219 1349 1717 1416; x_wconf 76' lang='lat' dir='ltr'><strong>Bartholomaei</strong></span> <span class='ocrx_word' id='word_1_53' title='bbox 1752 1349 2193 1430; x_wconf 85' lang='lat' dir='ltr'><strong>Exoniensis,</strong></span> <span class='ocrx_word' id='word_1_54' title='bbox 2227 1349 2487 1415; x_wconf 89' lang='lat' dir='ltr'><strong>Hilarii</strong></span> <span class='ocrx_word' id='word_1_55' title='bbox 2510 1349 2743 1414; x_wconf 67' lang='lat' dir='ltr'><strong>Cices⁴</strong></span> 
     </span>
     <span class='ocr_line' id='line_1_10' title="bbox 840 1449 2741 1534; baseline -0.002 -18"><span class='ocrx_word' id='word_1_56' title='bbox 840 1452 1118 1530; x_wconf 86' lang='lat' dir='ltr'><strong>trensis,</strong></span> <span class='ocrx_word' id='word_1_57' title='bbox 1159 1451 1488 1534; x_wconf 82' lang='lat' dir='ltr'><strong>Hugonis</strong></span> <span class='ocrx_word' id='word_1_58' title='bbox 1529 1449 2043 1529; x_wconf 86' lang='lat' dir='ltr'><strong>Dunelmensis,</strong></span> <span class='ocrx_word' id='word_1_59' title='bbox 2081 1450 2415 1515; x_wconf 85' lang='lat' dir='ltr'><strong>Richardi</strong></span> <span class='ocrx_word' id='word_1_60' title='bbox 2466 1450 2741 1515; x_wconf 78' lang='lat' dir='ltr'><strong>Ceven-</strong></span> 
     </span>
     <span class='ocr_line' id='line_1_11' title="bbox 843 1549 2745 1630; baseline -0.003 -11"><span class='ocrx_word' id='word_1_61' title='bbox 843 1552 1119 1630; x_wconf 87' lang='lat' dir='ltr'><strong>trensis,</strong></span> <span class='ocrx_word' id='word_1_62' title='bbox 1150 1549 1490 1616; x_wconf 84' lang='lat' dir='ltr'><strong>Gileberti</strong></span> <span class='ocrx_word' id='word_1_63' title='bbox 1533 1549 2094 1629; x_wconf 85' lang='lat' dir='ltr'><strong>Herefordensis,</strong></span> <span class='ocrx_word' id='word_1_64' title='bbox 2132 1553 2205 1616; x_wconf 89' lang='lat' dir='ltr'><strong>et</strong></span> <span class='ocrx_word' id='word_1_65' title='bbox 2253 1549 2615 1615; x_wconf 80' lang='lat' dir='ltr'><strong>Godefridi</strong></span> <span class='ocrx_word' id='word_1_66' title='bbox 2652 1549 2745 1614; x_wconf 88' lang='lat' dir='ltr'><strong>de</strong></span> 
     </span>
     <span class='ocr_line' id='line_1_12' title="bbox 841 1649 2745 1735; baseline -0.002 -18"><span class='ocrx_word' id='word_1_67' title='bbox 841 1659 1086 1717; x_wconf 87' lang='lat' dir='ltr'><strong>sancto</strong></span> <span class='ocrx_word' id='word_1_68' title='bbox 1142 1649 1413 1735; x_wconf 86' lang='lat' dir='ltr'><strong>Asapb,</strong></span> <span class='ocrx_word' id='word_1_69' title='bbox 1465 1653 1809 1734; x_wconf 72' lang='lat' dir='ltr'><strong>praesente</strong></span> <span class='ocrx_word' id='word_1_70' title='bbox 1870 1651 2081 1716; x_wconf 87' lang='lat' dir='ltr'><strong>etiam</strong></span> <span class='ocrx_word' id='word_1_71' title='bbox 2135 1651 2447 1716; x_wconf 84' lang='lat' dir='ltr'><strong>Robe&#39;rto</strong></span> <span class='ocrx_word' id='word_1_72' title='bbox 2491 1651 2745 1714; x_wconf 84' lang='lat' dir='ltr'><strong>comite</strong></span> 
     </span>
     <span class='ocr_line' id='line_1_13' title="bbox 846 1750 2746 1836; baseline -0.002 -20"><span class='ocrx_word' id='word_1_73' title='bbox 846 1752 1395 1834; x_wconf 79' lang='lat' dir='ltr'><strong>Legecestrensi,</strong></span> <span class='ocrx_word' id='word_1_74' title='bbox 1414 1750 1808 1836; x_wconf 88' lang='lat' dir='ltr'><strong>justiciario</strong></span> <span class='ocrx_word' id='word_1_75' title='bbox 1836 1750 2141 1834; x_wconf 83' lang='lat' dir='ltr'><strong>Angliae,</strong></span> <span class='ocrx_word' id='word_1_76' title='bbox 2168 1769 2324 1816; x_wconf 89' lang='lat' dir='ltr'><strong>cum</strong></span> <span class='ocrx_word' id='word_1_77' title='bbox 2350 1751 2746 1829; x_wconf 85' lang='lat' dir='ltr'><strong>comitibus,</strong></span> 
     </span>
     <span class='ocr_line' id='line_1_14' title="bbox 844 1851 2749 1931; baseline -0.002 -14"><span class='ocrx_word' id='word_1_78' title='bbox 844 1851 1245 1931; x_wconf 85' lang='lat' dir='ltr'><strong>baronibus,</strong></span> <span class='ocrx_word' id='word_1_79' title='bbox 1279 1852 1672 1930; x_wconf 87' lang='lat' dir='ltr'><strong>abbatibus,</strong></span> <span class='ocrx_word' id='word_1_80' title='bbox 1708 1851 2235 1930; x_wconf 75' lang='lat' dir='ltr'><strong>archidiaconiS,</strong></span> <span class='ocrx_word' id='word_1_81' title='bbox 2272 1859 2344 1917; x_wconf 89' lang='lat' dir='ltr'><strong>et</strong></span> <span class='ocrx_word' id='word_1_82' title='bbox 2383 1853 2749 1916; x_wconf 82' lang='lat' dir='ltr'><strong>innumera</strong></span> 
     </span>
     <span class='ocr_line' id='line_1_15' title="bbox 848 1951 2751 2036; baseline -0.002 -19"><span class='ocrx_word' id='word_1_83' title='bbox 848 1953 1054 2018; x_wconf 87' lang='lat' dir='ltr'><strong>turba</strong></span> <span class='ocrx_word' id='word_1_84' title='bbox 1078 1953 1298 2034; x_wconf 85' lang='lat' dir='ltr'><strong>regni,</strong></span> <span class='ocrx_word' id='word_1_85' title='bbox 1327 1951 1510 2036; x_wconf 88' lang='lat' dir='ltr'><strong>apud</strong></span> <span class='ocrx_word' id='word_1_86' title='bbox 1541 1951 2263 2032; x_wconf 81' lang='lat' dir='ltr'><strong>westmonasterium,</strong></span> <span class='ocrx_word' id='word_1_87' title='bbox 2298 1952 2471 2017; x_wconf 87' lang='lat' dir='ltr'><strong>feria</strong></span> <span class='ocrx_word' id='word_1_88' title='bbox 2501 1953 2751 2035; x_wconf 87' lang='lat' dir='ltr'><strong>quinta</strong></span> 
     </span>
     <span class='ocr_line' id='line_1_16' title="bbox 847 2052 2747 2136; baseline 0 -20"><span class='ocrx_word' id='word_1_89' title='bbox 847 2053 1169 2136; x_wconf 85' lang='lat' dir='ltr'><strong>proxima</strong></span> <span class='ocrx_word' id='word_1_90' title='bbox 1221 2059 1386 2117; x_wconf 90' lang='lat' dir='ltr'><strong>ante</strong></span> <span class='ocrx_word' id='word_1_91' title='bbox 1442 2052 1833 2134; x_wconf 84' lang='lat' dir='ltr'><strong>passionem</strong></span> <span class='ocrx_word' id='word_1_92' title='bbox 1885 2052 2195 2130; x_wconf 86' lang='lat' dir='ltr'><strong>Domini,</strong></span> <span class='ocrx_word' id='word_1_93' title='bbox 2239 2053 2313 2116; x_wconf 87' lang='lat' dir='ltr'><strong>in</strong></span> <span class='ocrx_word' id='word_1_94' title='bbox 2363 2052 2546 2116; x_wconf 84' lang='lat' dir='ltr'><strong>hunc</strong></span> <span class='ocrx_word' id='word_1_95' title='bbox 2596 2071 2747 2116; x_wconf 86' lang='lat' dir='ltr'><strong>mo-</strong></span> 
     </span>
     <span class='ocr_line' id='line_1_17' title="bbox 850 2152 2751 2235; baseline 0 -19"><span class='ocrx_word' id='word_1_96' title='bbox 850 2153 1054 2233; x_wconf 83' lang='lat' dir='ltr'><strong>dum3</strong></span> <span class='ocrx_word' id='word_1_97' title='bbox 1113 2157 1134 2186; x_wconf 91' lang='lat'>‘</span> <span class='ocrx_word' id='word_1_98' title='bbox 1161 2152 1540 2231; x_wconf 73' lang='lat' dir='ltr'><strong>RobertuS,</strong></span> <span class='ocrx_word' id='word_1_99' title='bbox 1586 2152 1721 2216; x_wconf 90' lang='lat' dir='ltr'><strong>Dei</strong></span> <span class='ocrx_word' id='word_1_100' title='bbox 1765 2153 1999 2235; x_wconf 79' lang='lat' dir='ltr'><strong>gratia</strong></span> <span class='ocrx_word' id='word_1_101' title='bbox 2045 2152 2553 2218; x_wconf 84' lang='lat' dir='ltr'><strong>Lincolniensis</strong></span> <span class='ocrx_word' id='word_1_102' title='bbox 2600 2152 2751 2235; x_wconf 65' lang='lat' dir='ltr'><strong>cpi-</strong></span> 
     </span>
     <span class='ocr_line' id='line_1_18' title="bbox 851 2251 2752 2334; baseline 0 -18"><span class='ocrx_word' id='word_1_103' title='bbox 851 2270 1130 2334; x_wconf 88' lang='lat' dir='ltr'><strong>scopus,</strong></span> <span class='ocrx_word' id='word_1_104' title='bbox 1189 2253 1506 2317; x_wconf 88' lang='lat' dir='ltr'><strong>omnibus</strong></span> <span class='ocrx_word' id='word_1_105' title='bbox 1567 2258 1829 2316; x_wconf 64' lang='lat' dir='ltr'><strong>sanctae</strong></span> <span class='ocrx_word' id='word_1_106' title='bbox 1889 2253 2133 2317; x_wconf 89' lang='lat' dir='ltr'><strong>matris</strong></span> <span class='ocrx_word' id='word_1_107' title='bbox 2204 2253 2513 2318; x_wconf 85' lang='lat' dir='ltr'><strong>ecclesiae</strong></span> <span class='ocrx_word' id='word_1_108' title='bbox 2586 2251 2752 2316; x_wconf 79' lang='lat' dir='ltr'><strong>filiis</strong></span> 
     </span>
     <span class='ocr_line' id='line_1_19' title="bbox 851 2351 2753 2436; baseline 0.002 -21"><span class='ocrx_word' id='word_1_109' title='bbox 851 2352 1172 2416; x_wconf 86' lang='lat' dir='ltr'><strong>salutem.</strong></span> <span class='ocrx_word' id='word_1_110' title='bbox 1277 2351 1545 2417; x_wconf 87' lang='lat' dir='ltr'><strong>Notum</strong></span> <span class='ocrx_word' id='word_1_111' title='bbox 1594 2352 1688 2417; x_wconf 89' lang='lat' dir='ltr'><strong>sit</strong></span> <span class='ocrx_word' id='word_1_112' title='bbox 1746 2351 2183 2418; x_wconf 81' lang='lat' dir='ltr'><strong>universitati</strong></span> <span class='ocrx_word' id='word_1_113' title='bbox 2238 2360 2515 2432; x_wconf 65' lang='lat' dir='ltr'><strong>vestrae,</strong></span> <span class='ocrx_word' id='word_1_114' title='bbox 2562 2353 2753 2436; x_wconf 80' lang='lat' dir='ltr'><strong>quod</strong></span> 
     </span>
     <span class='ocr_line' id='line_1_20' title="bbox 853 2452 2753 2536; baseline 0.001 -20"><span class='ocrx_word' id='word_1_115' title='bbox 853 2472 987 2536; x_wconf 81' lang='lat' dir='ltr'><strong>ego</strong></span> <span class='ocrx_word' id='word_1_116' title='bbox 1026 2453 1514 2517; x_wconf 74' lang='lat' dir='ltr'><strong>controversiae</strong></span> <span class='ocrx_word' id='word_1_117' title='bbox 1553 2452 1681 2531; x_wconf 90' lang='lat' dir='ltr'><strong>illi,</strong></span> <span class='ocrx_word' id='word_1_118' title='bbox 1721 2464 1931 2536; x_wconf 88' lang='lat' dir='ltr'><strong>quam</strong></span> <span class='ocrx_word' id='word_1_119' title='bbox 1970 2453 2305 2518; x_wconf 82' lang='lat' dir='ltr'><strong>adversus</strong></span> <span class='ocrx_word' id='word_1_120' title='bbox 2336 2453 2753 2534; x_wconf 78' lang='lat' dir='ltr'><strong>Robertuur,</strong></span> 
     </span>
     <span class='ocr_line' id='line_1_21' title="bbox 855 2551 2757 2640; baseline 0.001 -22"><span class='ocrx_word' id='word_1_121' title='bbox 855 2553 1174 2618; x_wconf 85' lang='lat' dir='ltr'><strong>abbatem</strong></span> <span class='ocrx_word' id='word_1_122' title='bbox 1225 2554 1451 2618; x_wconf 85' lang='lat' dir='ltr'><strong>sancti</strong></span> <span class='ocrx_word' id='word_1_123' title='bbox 1479 2551 1765 2631; x_wconf 88' lang='lat' dir='ltr'><strong>Albani,</strong></span> <span class='ocrx_word' id='word_1_124' title='bbox 1806 2560 1878 2618; x_wconf 88' lang='lat' dir='ltr'><strong>et</strong></span> <span class='ocrx_word' id='word_1_125' title='bbox 1903 2552 2153 2619; x_wconf 84' lang='lat' dir='ltr'><strong>fratres</strong></span> <span class='ocrx_word' id='word_1_126' title='bbox 2186 2556 2338 2640; x_wconf 77' lang='lat' dir='ltr'><strong>ejus</strong></span> <span class='ocrx_word' id='word_1_127' title='bbox 2376 2572 2757 2635; x_wconf 83' lang='lat' dir='ltr'><strong>moveram,</strong></span> 
     </span>
     <span class='ocr_line' id='line_1_22' title="bbox 855 2653 2757 2740; baseline 0.002 -23"><span class='ocrx_word' id='word_1_128' title='bbox 855 2673 997 2737; x_wconf 89' lang='lat' dir='ltr'><strong>qua</strong></span> <span class='ocrx_word' id='word_1_129' title='bbox 1051 2654 1542 2719; x_wconf 84' lang='lat' dir='ltr'><strong>monasterium</strong></span> <span class='ocrx_word' id='word_1_130' title='bbox 1593 2654 1819 2737; x_wconf 84' lang='lat' dir='ltr'><strong>ipsum</strong></span> <span class='ocrx_word' id='word_1_131' title='bbox 1864 2655 2089 2719; x_wconf 84' lang='lat' dir='ltr'><strong>sancti</strong></span> <span class='ocrx_word' id='word_1_132' title='bbox 2140 2653 2397 2721; x_wconf 78' lang='lat' dir='ltr'><strong>Albani</strong></span> <span class='ocrx_word' id='word_1_133' title='bbox 2446 2664 2519 2721; x_wconf 84' lang='lat' dir='ltr'><strong>et</strong></span> <span class='ocrx_word' id='word_1_134' title='bbox 2553 2656 2757 2740; x_wconf 82' lang='lat' dir='ltr'><strong>quin-</strong></span> 
     </span>
     <span class='ocr_line' id='line_1_23' title="bbox 855 2753 2758 2840; baseline 0.003 -23"><span class='ocrx_word' id='word_1_135' title='bbox 855 2754 1076 2818; x_wconf 85' lang='lat' dir='ltr'><strong>decim</strong></span> <span class='ocrx_word' id='word_1_136' title='bbox 1110 2753 1437 2818; x_wconf 88' lang='lat' dir='ltr'><strong>ecclesias</strong></span> <span class='ocrx_word' id='word_1_137' title='bbox 1465 2753 1648 2832; x_wconf 84' lang='lat' dir='ltr'><strong>illas,</strong></span> <span class='ocrx_word' id='word_1_138' title='bbox 1680 2772 1855 2837; x_wconf 86' lang='lat' dir='ltr'><strong>quas</strong></span> <span class='ocrx_word' id='word_1_139' title='bbox 1892 2754 1965 2819; x_wconf 88' lang='lat' dir='ltr'><strong>in</strong></span> <span class='ocrx_word' id='word_1_140' title='bbox 1992 2756 2340 2821; x_wconf 86' lang='lat' dir='ltr'><strong>territori-o</strong></span> <span class='ocrx_word' id='word_1_141' title='bbox 2372 2776 2501 2822; x_wconf 83' lang='lat' dir='ltr'><strong>suo</strong></span> <span class='ocrx_word' id='word_1_142' title='bbox 2537 2758 2758 2840; x_wconf 74' lang='lat' dir='ltr'><strong>privi-</strong></span> 
     </span>
     <span class='ocr_line' id='line_1_24' title="bbox 857 2852 2756 2937; baseline 0.003 -20"><span class='ocrx_word' id='word_1_143' title='bbox 857 2853 1155 2935; x_wconf 84' lang='lat' dir='ltr'><strong>legiatas</strong></span> <span class='ocrx_word' id='word_1_144' title='bbox 1198 2854 1465 2933; x_wconf 89' lang='lat' dir='ltr'><strong>habuit,</strong></span> <span class='ocrx_word' id='word_1_145' title='bbox 1506 2852 1977 2918; x_wconf 86' lang='lat' dir='ltr'><strong>Lincolniensi</strong></span> <span class='ocrx_word' id='word_1_146' title='bbox 2010 2854 2319 2921; x_wconf 74' lang='lat' dir='ltr'><strong>ecclesiae</strong></span> <span class='ocrx_word' id='word_1_147' title='bbox 2343 2863 2415 2921; x_wconf 87' lang='lat' dir='ltr'><strong>et</strong></span> <span class='ocrx_word' id='word_1_148' title='bbox 2446 2858 2638 2937; x_wconf 88' lang='lat' dir='ltr'><strong>mihi,</strong></span> <span class='ocrx_word' id='word_1_149' title='bbox 2672 2866 2756 2923; x_wconf 86' lang='lat' dir='ltr'><strong>ut</strong></span> 
     </span>
     <span class='ocr_line' id='line_1_25' title="bbox 851 2952 2757 3038; baseline 0.005 -23"><span class='ocrx_word' id='word_1_150' title='bbox 851 2952 1076 3035; x_wconf 79' lang='lat' dir='ltr'><strong>ipsius</strong></span> <span class='ocrx_word' id='word_1_151' title='bbox 1120 2954 1470 3036; x_wconf 86' lang='lat' dir='ltr'><strong>episcopo,</strong></span> <span class='ocrx_word' id='word_1_152' title='bbox 1505 2952 1581 3016; x_wconf 89' lang='lat' dir='ltr'><strong>in</strong></span> <span class='ocrx_word' id='word_1_153' title='bbox 1627 2952 2125 3038; x_wconf 84' lang='lat' dir='ltr'><strong>subjectionem</strong></span> <span class='ocrx_word' id='word_1_154' title='bbox 2170 2963 2246 3020; x_wconf 87' lang='lat' dir='ltr'><strong>et</strong></span> <span class='ocrx_word' id='word_1_155' title='bbox 2288 2958 2757 3025; x_wconf 72' lang='lat' dir='ltr'><strong>obedientiam</strong></span> 
     </span>
     <span class='ocr_line' id='line_1_26' title="bbox 857 3052 2761 3139; baseline 0.005 -23"><span class='ocrx_word' id='word_1_156' title='bbox 857 3052 1202 3136; x_wconf 83' lang='lat' dir='ltr'><strong>petebam,</strong></span> <span class='ocrx_word' id='word_1_157' title='bbox 1241 3054 1312 3117; x_wconf 73' lang='lat' dir='ltr'><strong>in</strong></span> <span class='ocrx_word' id='word_1_158' title='bbox 1349 3054 1727 3137; x_wconf 77' lang='lat' dir='ltr'><strong>praesentia</strong></span> <span class='ocrx_word' id='word_1_159' title='bbox 1762 3054 2046 3119; x_wconf 82' lang='lat' dir='ltr'><strong>testium</strong></span> <span class='ocrx_word' id='word_1_160' title='bbox 2088 3055 2601 3139; x_wconf 71' lang='lat' dir='ltr'><strong>praedictorum,</strong></span> <span class='ocrx_word' id='word_1_161' title='bbox 2638 3080 2761 3125; x_wconf 82' lang='lat' dir='ltr'><strong>as-</strong></span> 
     </span>
     <span class='ocr_line' id='line_1_27' title="bbox 848 3153 2761 3242; baseline 0.005 -24"><span class='ocrx_word' id='word_1_162' title='bbox 848 3172 1068 3218; x_wconf 87' lang='lat' dir='ltr'><strong>-sensu</strong></span> <span class='ocrx_word' id='word_1_163' title='bbox 1096 3153 1383 3237; x_wconf 86' lang='lat' dir='ltr'><strong>capituli</strong></span> <span class='ocrx_word' id='word_1_164' title='bbox 1424 3153 1561 3217; x_wconf 90' lang='lat' dir='ltr'><strong>mei</strong></span> <span class='ocrx_word' id='word_1_165' title='bbox 1603 3154 1677 3217; x_wconf 83' lang='lat' dir='ltr'><strong>in</strong></span> <span class='ocrx_word' id='word_1_166' title='bbox 1718 3161 2127 3238; x_wconf 87' lang='lat' dir='ltr'><strong>perpetuum</strong></span> <span class='ocrx_word' id='word_1_167' title='bbox 2170 3158 2613 3242; x_wconf 79' lang='lat' dir='ltr'><strong>renuntiavi3</strong></span> <span class='ocrx_word' id='word_1_168' title='bbox 2660 3170 2761 3241; x_wconf 80' lang='lat' dir='ltr'><strong>et,</strong></span> 
     </span>
     <span class='ocr_line' id='line_1_28' title="bbox 859 3254 2761 3337; baseline 0.005 -20"><span class='ocrx_word' id='word_1_169' title='bbox 859 3261 942 3317; x_wconf 87' lang='lat' dir='ltr'><strong>ut</strong></span> <span class='ocrx_word' id='word_1_170' title='bbox 983 3254 1074 3318; x_wconf 89' lang='lat' dir='ltr'><strong>ab</strong></span> <span class='ocrx_word' id='word_1_171' title='bbox 1125 3271 1210 3317; x_wconf 86' lang='lat' dir='ltr'><strong>ea</strong></span> <span class='ocrx_word' id='word_1_172' title='bbox 1260 3254 1332 3316; x_wconf 89' lang='lat' dir='ltr'><strong>in</strong></span> <span class='ocrx_word' id='word_1_173' title='bbox 1385 3260 1796 3336; x_wconf 85' lang='lat' dir='ltr'><strong>perpetuum</strong></span> <span class='ocrx_word' id='word_1_174' title='bbox 1850 3255 2359 3337; x_wconf 79' lang='lat' dir='ltr'><strong>conquiescam,</strong></span> <span class='ocrx_word' id='word_1_175' title='bbox 2414 3258 2501 3324; x_wconf 90' lang='lat' dir='ltr'><strong>de</strong></span> <span class='ocrx_word' id='word_1_176' title='bbox 2542 3277 2761 3327; x_wconf 73' lang='lat' dir='ltr'><strong>manu</strong></span> 
     </span>
     <span class='ocr_line' id='line_1_29' title="bbox 847 3353 2763 3442; baseline 0.006 -25"><span class='ocrx_word' id='word_1_177' title='bbox 847 3354 1084 3437; x_wconf 74' lang='lat' dir='ltr'><strong>ipsius</strong></span> <span class='ocrx_word' id='word_1_178' title='bbox 1113 3353 1382 3417; x_wconf 80' lang='lat' dir='ltr'><strong>abbatis</strong></span> <span class='ocrx_word' id='word_1_179' title='bbox 1414 3361 1487 3418; x_wconf 93' lang='lat' dir='ltr'><strong>et</strong></span> <span class='ocrx_word' id='word_1_180' title='bbox 1517 3354 1807 3419; x_wconf 81' lang='lat' dir='ltr'><strong>fratrum</strong></span> <span class='ocrx_word' id='word_1_181' title='bbox 1832 3354 1991 3438; x_wconf 87' lang='lat' dir='ltr'><strong>ejus</strong></span> <span class='ocrx_word' id='word_1_182' title='bbox 2026 3354 2287 3436; x_wconf 80' lang='lat' dir='ltr'><strong>villam,</strong></span> <span class='ocrx_word' id='word_1_183' title='bbox 2323 3378 2481 3442; x_wconf 84' lang='lat' dir='ltr'><strong>quae</strong></span> <span class='ocrx_word' id='word_1_184' title='bbox 2500 3361 2763 3427; x_wconf 79' lang='lat' dir='ltr'><strong>dicitur</strong></span> 
     </span>
     <span class='ocr_line' id='line_1_30' title="bbox 863 3453 2763 3541; baseline 0.006 -24"><span class='ocrx_word' id='word_1_185' title='bbox 863 3453 1312 3535; x_wconf 81' lang='lat' dir='ltr'><strong>Tinghurste,</strong></span> <span class='ocrx_word' id='word_1_186' title='bbox 1347 3472 1498 3518; x_wconf 88' lang='lat' dir='ltr'><strong>cum</strong></span> <span class='ocrx_word' id='word_1_187' title='bbox 1535 3453 1831 3519; x_wconf 89' lang='lat' dir='ltr'><strong>ecclesia</strong></span> <span class='ocrx_word' id='word_1_188' title='bbox 1864 3461 1937 3519; x_wconf 90' lang='lat' dir='ltr'><strong>et</strong></span> <span class='ocrx_word' id='word_1_189' title='bbox 1976 3456 2293 3521; x_wconf 87' lang='lat' dir='ltr'><strong>omnibus</strong></span> <span class='ocrx_word' id='word_1_190' title='bbox 2322 3461 2763 3541; x_wconf 82' lang='lat' dir='ltr'><strong>pertinentiis</strong></span> 
     </span>
     <span class='ocr_line' id='line_1_31' title="bbox 864 3552 2763 3645; baseline 0.006 -27"><span class='ocrx_word' id='word_1_191' title='bbox 864 3552 1197 3637; x_wconf 79' lang='lat' dir='ltr'><strong>ejusdem,</strong></span> <span class='ocrx_word' id='word_1_192' title='bbox 1225 3572 1352 3637; x_wconf 81' lang='lat' dir='ltr'><strong>pro</strong></span> <span class='ocrx_word' id='word_1_193' title='bbox 1374 3553 1611 3618; x_wconf 83' lang='lat' dir='ltr'><strong>decem</strong></span> <span class='ocrx_word' id='word_1_194' title='bbox 1638 3554 1907 3619; x_wconf 88' lang='lat' dir='ltr'><strong>libratis</strong></span> <span class='ocrx_word' id='word_1_195' title='bbox 1937 3561 2164 3634; x_wconf 84' lang='lat' dir='ltr'><strong>terrae,</strong></span> <span class='ocrx_word' id='word_1_196' title='bbox 2192 3556 2407 3623; x_wconf 82' lang='lat' dir='ltr'><strong>libere</strong></span> <span class='ocrx_word' id='word_1_197' title='bbox 2426 3566 2505 3625; x_wconf 85' lang='lat' dir='ltr'><strong>et</strong></span> <span class='ocrx_word' id='word_1_198' title='bbox 2523 3563 2763 3645; x_wconf 84' lang='lat' dir='ltr'><strong>quiete</strong></span> 
     </span>
     <span class='ocr_line' id='line_1_32' title="bbox 867 3644 2765 3748; baseline 0.006 -31"><span class='ocrx_word' id='word_1_199' title='bbox 867 3654 1178 3718; x_wconf 76' lang='lat' dir='ltr'><strong>ecclesiae</strong></span> <span class='ocrx_word' id='word_1_200' title='bbox 1197 3644 1665 3718; x_wconf 73' lang='lat' dir='ltr'><strong>Li&#39;ncolniensi</strong></span> <span class='ocrx_word' id='word_1_201' title='bbox 1691 3655 1762 3717; x_wconf 88' lang='lat' dir='ltr'><strong>in</strong></span> <span class='ocrx_word' id='word_1_202' title='bbox 1784 3661 2190 3748; x_wconf 78' lang='lat' dir='ltr'><strong>perpetuum</strong></span> <span class='ocrx_word' id='word_1_203' title='bbox 2213 3657 2298 3746; x_wconf 90' lang='lat' dir='ltr'><strong>de</strong></span> <span class='ocrx_word' id='word_1_204' title='bbox 2322 3666 2576 3726; x_wconf 86' lang='lat' dir='ltr'><strong>caetero</strong></span> <span class='ocrx_word' id='word_1_205' title='bbox 2600 3683 2765 3746; x_wconf 89' lang='lat' dir='ltr'><strong>pos-</strong></span> 
     </span>
     <span class='ocr_line' id='line_1_33' title="bbox 845 3750 2760 3838; baseline 0.006 -21"><span class='ocrx_word' id='word_1_206' title='bbox 845 3754 1250 3831; x_wconf 62' lang='lat' dir='ltr'><strong>-sid‘enda’m,</strong></span> <span class='ocrx_word' id='word_1_207' title='bbox 1295 3770 1581 3818; x_wconf 79' lang='lat' dir='ltr'><strong>assensu</strong></span> <span class='ocrx_word' id='word_1_208' title='bbox 1625 3750 1883 3819; x_wconf 73' lang='lat' dir='ltr'><strong>domini</strong></span> <span class='ocrx_word' id='word_1_209' title='bbox 1933 3750 2068 3819; x_wconf 75' lang='lat' dir='ltr'><strong>mei</strong></span> <span class='ocrx_word' id='word_1_210' title='bbox 2122 3757 2305 3838; x_wconf 78' lang='lat' dir='ltr'><strong>regis</strong></span> <span class='ocrx_word' id='word_1_211' title='bbox 2348 3767 2427 3823; x_wconf 76' lang='lat' dir='ltr'><strong>et</strong></span> <span class='ocrx_word' id='word_1_212' title='bbox 2462 3760 2760 3829; x_wconf 77' lang='lat' dir='ltr'><strong>fratrum</strong></span> 
     </span>
     <span class='ocr_line' id='line_1_34' title="bbox 871 3854 2765 3943; baseline 0.007 -27"><span class='ocrx_word' id='word_1_213' title='bbox 871 3861 1264 3919; x_wconf 87' lang='lat' dir='ltr'><strong>nostrorum</strong></span> <span class='ocrx_word' id='word_1_214' title='bbox 1325 3854 1801 3938; x_wconf 69' lang='lat' dir='ltr'><strong>episcoporum</strong></span> <span class='ocrx_word' id='word_1_215' title='bbox 1852 3855 2003 3939; x_wconf 86' lang='lat' dir='ltr'><strong>jam</strong></span> <span class='ocrx_word' id='word_1_216' title='bbox 2047 3854 2393 3921; x_wconf 81' lang='lat' dir='ltr'><strong>dictorum</strong></span> <span class='ocrx_word' id='word_1_217' title='bbox 2446 3864 2765 3943; x_wconf 89' lang='lat' dir='ltr'><strong>consilio,</strong></span> 
     </span>
     <span class='ocr_line' id='line_1_35' title="bbox 871 3955 2760 4048; baseline 0.007 -31"><span class='ocrx_word' id='word_1_218' title='bbox 871 3955 1180 4038; x_wconf 84' lang='lat' dir='ltr'><strong>capitulo</strong></span> <span class='ocrx_word' id='word_1_219' title='bbox 1211 3965 1364 4019; x_wconf 86' lang='lat' dir='ltr'><strong>meo</strong></span> <span class='ocrx_word' id='word_1_220' title='bbox 1389 3956 1466 4019; x_wconf 88' lang='lat' dir='ltr'><strong>-in</strong></span> <span class='ocrx_word' id='word_1_221' title='bbox 1505 3956 1637 4019; x_wconf 82' lang='lat' dir='ltr'><strong>hoc</strong></span> <span class='ocrx_word' id='word_1_222' title='bbox 1666 3974 2025 4020; x_wconf 86' lang='lat' dir='ltr'><strong>assensum</strong></span> <span class='ocrx_word' id='word_1_223' title='bbox 2073 3958 2450 4039; x_wconf 69' lang='lat' dir='ltr'><strong>praebente,</strong></span> <span class='ocrx_word' id='word_1_224' title='bbox 2486 3967 2717 4048; x_wconf 85' lang='lat' dir='ltr'><strong>recepi</strong></span> <span class='ocrx_word' id='word_1_225' title='bbox 2743 3987 2760 4047; x_wconf 84' lang='lat'>3</span> 
     </span>
     <span class='ocr_line' id='line_1_36' title="bbox 873 4052 2764 4142; baseline 0.007 -26"><span class='ocrx_word' id='word_1_226' title='bbox 873 4060 946 4117; x_wconf 87' lang='lat' dir='ltr'><strong>et</strong></span> <span class='ocrx_word' id='word_1_227' title='bbox 979 4052 1123 4137; x_wconf 80' lang='lat' dir='ltr'><strong>jus„</strong></span> <span class='ocrx_word' id='word_1_228' title='bbox 1155 4056 1340 4137; x_wconf 83' lang='lat' dir='ltr'><strong>quod</strong></span> <span class='ocrx_word' id='word_1_229' title='bbox 1364 4054 1513 4139; x_wconf 84' lang='lat' dir='ltr'><strong>jam</strong></span> <span class='ocrx_word' id='word_1_230' title='bbox 1549 4056 1737 4121; x_wconf 85' lang='lat' dir='ltr'><strong>dicta</strong></span> <span class='ocrx_word' id='word_1_231' title='bbox 1767 4057 2070 4135; x_wconf 86' lang='lat' dir='ltr'><strong>abbatia,</strong></span> <span class='ocrx_word' id='word_1_232' title='bbox 2092 4058 2259 4122; x_wconf 86' lang='lat' dir='ltr'><strong>etin</strong></span> <span class='ocrx_word' id='word_1_233' title='bbox 2292 4078 2593 4142; x_wconf 79' lang='lat' dir='ltr'><strong>persona</strong></span> <span class='ocrx_word' id='word_1_234' title='bbox 2616 4065 2764 4129; x_wconf 88' lang='lat' dir='ltr'><strong>Ro-</strong></span> 
     </span>
     <span class='ocr_line' id='line_1_37' title="bbox 871 4154 2765 4243; baseline 0.008 -27"><span class='ocrx_word' id='word_1_235' title='bbox 871 4154 1048 4217; x_wconf 86' lang='lat' dir='ltr'><strong>berti</strong></span> <span class='ocrx_word' id='word_1_236' title='bbox 1093 4154 1364 4217; x_wconf 84' lang='lat' dir='ltr'><strong>abbatis</strong></span> <span class='ocrx_word' id='word_1_237' title='bbox 1409 4162 1480 4219; x_wconf 69' lang='lat' dir='ltr'><strong>e‘t</strong></span> <span class='ocrx_word' id='word_1_238' title='bbox 1529 4173 2002 4240; x_wconf 74' lang='lat' dir='ltr'><strong>successorum</strong></span> <span class='ocrx_word' id='word_1_239' title='bbox 2039 4156 2215 4241; x_wconf 81' lang='lat' dir='ltr'><strong>ejus,</strong></span> <span class='ocrx_word' id='word_1_240' title='bbox 2256 4165 2328 4223; x_wconf 84' lang='lat' dir='ltr'><strong>et</strong></span> <span class='ocrx_word' id='word_1_241' title='bbox 2355 4159 2509 4243; x_wconf 87' lang='lat' dir='ltr'><strong>jam</strong></span> <span class='ocrx_word' id='word_1_242' title='bbox 2559 4164 2765 4232; x_wconf 83' lang='lat' dir='ltr'><strong>dictis</strong></span> 
     </span>
     <span class='ocr_line' id='line_1_38' title="bbox 870 4252 2771 4336; baseline 0.009 -20"><span class='ocrx_word' id='word_1_243' title='bbox 870 4252 1256 4335; x_wconf 84' lang='lat' dir='ltr'><strong>quindecim</strong></span> <span class='ocrx_word' id='word_1_244' title='bbox 1289 4252 1622 4336; x_wconf 86' lang='lat' dir='ltr'><strong>ecc1esiis,</strong></span> <span class='ocrx_word' id='word_1_245' title='bbox 1646 4258 1954 4322; x_wconf 76' lang='lat' dir='ltr'><strong>ecclesiae</strong></span> <span class='ocrx_word' id='word_1_246' title='bbox 1988 4273 2162 4323; x_wconf 84' lang='lat' dir='ltr'><strong>meae</strong></span> <span class='ocrx_word' id='word_1_247' title='bbox 2192 4266 2268 4324; x_wconf 77' lang='lat' dir='ltr'><strong>‘et</strong></span> <span class='ocrx_word' id='word_1_248' title='bbox 2301 4253 2467 4326; x_wconf 76' lang='lat' dir='ltr'><strong>mihi</strong></span> <span class='ocrx_word' id='word_1_249' title='bbox 2501 4272 2576 4330; x_wconf 49' lang='lat' dir='ltr'><strong>&gt;et</strong></span> <span class='ocrx_word' id='word_1_250' title='bbox 2609 4283 2771 4334; x_wconf 88' lang='lat' dir='ltr'><strong>suc-</strong></span> 
     </span>
    </p>
   </div>
   <div class='ocr_carea' id='block_1_3' title="bbox 3096 4364 3107 5016">
    <p class='ocr_par' dir='ltr' id='par_1_3' title="bbox 3096 4364 3107 5016">
     <span class='ocr_line' id='line_1_39' title="bbox 3096 4364 3107 5016; baseline 0 0"><span class='ocrx_word' id='word_1_251' title='bbox 3096 4364 3107 5016; x_wconf 95' lang='lat' dir='ltr'><strong> </strong></span> 
     </span>
    </p>
   </div>
  </div>
 </body>
</html>
