3108 5059
532 633 586 720 :rb

547 633 692 772 ἓξ

488 633 540 772 φςετ»

623 634 643 720 ...-

810 445 944 508 344
1315 458 1587 505 uocum
1636 459 1731 504 nu
1776 456 2189 505 wssNnovER

724 658 733 669 ·
816 623 886 680 et
930 617 1177 680 fervidi
1231 616 1516 680 formam
1566 615 1765 698 quasi
1810 614 2243 697 sphaericam,
2294 631 2450 694 quae
2499 612 2724 698 instar

817 717 979 780 vitri
1022 716 1427 781 lucidissimi
1474 722 1624 780 tota
1668 714 2117 798 resplenduit,
2163 722 2233 778 et
2278 713 2469 776 illam
2514 713 2720 776 undi-

816 836 950 899 que
990 816 1552 898 incomparabilis
1587 815 1848 880 candor
1876 815 2195 889 obduxit,
2241 814 2403 877 licet
2440 813 2719 877 modum

815 917 1173 1000 qualitatis
1197 917 1448 981 animae
1479 935 1683 980 nemo
1712 916 1943 980 valeat
1974 915 2347 996 explicare.
2449 913 2716 978 Audito

815 1026 1046 1080 autem
1093 1017 1286 1084 obitu
1332 1018 1464 1081 viri
1507 1017 1758 1093 sancti,
1802 1016 1975 1080 socii
2019 1015 2194 1098 ejuS,
2240 1014 2359 1097 qui
2403 1021 2604 1078 erant
2646 1014 2718 1077 iu

817 1118 1010 1182 curia
1052 1117 1238 1182 beati
1283 1116 1675 1193 Cuthberti,
1718 1116 1900 1182 inter
1948 1133 2123 1199 quos
2167 1113 2395 1178 fuerat
2433 1113 2719 1197 juvenis

816 1225 1290 1295 conversatus,
1309 1217 1729 1300 sepelierunt
1749 1216 2000 1281 eumin
2026 1214 2424 1279 coemeterio
2450 1214 2719 1277 Dunel-

815 1337 1056 1386 mensl.

885 1491 1063 1570 Quod
1092 1489 1296 1556 beatus
1330 1491 1638 1556 &odricus
1665 1489 2155 1574 Hierosolymam
2174 1489 2494 1576 profectus
2518 1509 2658 1552 ewm

1339 1591 1756 1678 prosperitate
1786 1611 2060 1655 reversus
2087 1599 2193 1656 est.

917 1716 1207 1799 Sepulto
1249 1716 1488 1799 itaque
1533 1716 1747 1779 fratre
1783 1716 1933 1799 jam
1978 1713 2184 1794 dicto,
2219 1713 2565 1778 Godricus
2609 1735 2722 1779 re-

823 1818 1122 1881 vertitur
1153 1816 1240 1881 ad
1271 1816 1642 1892 desertum,
1675 1816 2007 1879 haesitans
2041 1815 2204 1898 quid
2243 1816 2331 1880 de
2362 1835 2437 1880 se
2464 1815 2723 1880 divinae

819 1917 912 1979 sit
970 1917 1303 1999 placitum
1360 1915 1756 1996 voluntati3
1826 1916 1988 1980 dum
2052 1916 2267 1998 igitur
2328 1935 2539 1998 super
2588 1914 2722 1979 hoc

819 2018 1155 2081 attentius
1202 2018 1429 2080 Deum
1480 2024 1735 2094 oraret,
1763 2036 1903 2080 vox
1947 2016 2149 2097 lapsa
2190 2016 2276 2079 de
2320 2015 2493 2078 caelo
2538 2015 2724 2079 dixit

820 2117 908 2193 ei,
939 2122 960 2150 ‘
990 2116 1296 2199 Expedit
1341 2116 1466 2181 tibi
1511 2117 1613 2180 ire
1668 2115 2228 2199 Hierosolymam
2284 2122 2356 2178 et
2400 2115 2653 2180 reverti
2680 2121 2721 2192 ς’

821 2215 942 2279 sed
1003 2226 1073 2279 et
1126 2224 1410 2280 sanctus
1461 2216 1819 2281 consessor
1864 2215 2127 2280 Christi
2179 2215 2603 2280 cuthbertus
2654 2218 2722 2280 ei

822 2334 1167 2398 apparens
1211 2315 1414 2392 dixit,
1461 2322 1480 2352 ‘
1506 2315 1709 2380 Vade
1756 2314 2320 2399 Hierosolymam
2364 2335 2523 2380 cum
2566 2316 2718 2381 Do-

821 2415 1009 2480 mino
1059 2416 1400 2498 crucifigi,
1441 2423 1513 2480 et
1564 2436 1696 2498 ego
1744 2416 1868 2479 tibi
1912 2435 2065 2480 sum
2117 2415 2391 2479 futurus
2443 2416 2725 2501 adjutor

818 2517 894 2580 iu
926 2517 1240 2581 omuibus
1276 2523 1347 2581 et
1381 2523 1739 2599 patronuS,
1774 2522 1870 2592 et,
1917 2517 2183 2581 itineris
2228 2516 2436 2601 hujus
2482 2517 2723 2582 labore

819 2624 1324 2695 consummato,
1355 2618 1484 2682 sub
1521 2637 1677 2682 mea
1710 2618 2138 2700 protectione
2168 2617 2355 2700 apud
2390 2617 2722 2682 Finchale

823 2716 1128 2783 Domino
1172 2717 1556 2783 militabis.'
1660 2716 2005 2781 Godricus
2036 2725 2267 2781 autem
2306 2717 2727 2781 Dunelmum

820 2837 1140 2882 reversus
1217 2819 1493 2901 signum
1565 2818 1788 2882 crucis
1849 2836 2006 2882 cum
2072 2818 2457 2901 presbyteri
2512 2818 2723 2882 bene-

819 2918 1121 2981 dictione
1176 2919 1505 3000 suscepit.
1613 2917 1700 2981 In
1752 2917 1883 2982 hoc
1923 2918 2169 2982 itinere
2220 2925 2371 2981 erat
2417 2918 2483 2982 ei
2526 2918 2724 2982 cibus

821 3019 1022 3099 panis
1066 3017 1487 3081 hordeaceus
1533 3025 1606 3082 et
1650 3036 1835 3101 aqua
1878 3027 2108 3101 potuS,
2142 3038 2280 3082 non
2311 3025 2539 3083 vestes
2570 3037 2724 3082 mu-

823 3119 1002 3184 tavit
1057 3137 1183 3182 nec
1241 3118 1485 3193 abluit,
1536 3138 1675 3182 non
1730 3118 2204 3183 calceamenta
2246 3119 2565 3202 deposuit
2611 3120 2730 3184 vel

822 3219 1121 3283 mutavit
1164 3225 1290 3282 aut
1316 3218 1733 3295 emendavit,
1768 3226 2143 3302 antequam
2172 3219 2258 3284 ad
2293 3219 2449 3283 loca
2480 3226 2729 3284 sancta

821 3318 1130 3397 veniret3
1193 3318 1284 3381 ad
1334 3318 1778 3400 sepulchrum
1818 3318 2103 3383 Domini
2146 3327 2218 3384 et
2256 3319 2346 3383 ad
2390 3319 2529 3383 alia
2570 3320 2731 3384 loca

824 3426 1069 3481 sancta
1123 3418 1406 3481 veniens
1462 3418 1713 3483 devote
1770 3420 2022 3495 oravit,
2076 3419 2471 3503 lachrymas
2523 3419 2728 3497 fudit,

822 3517 974 3581 solo
1021 3518 1338 3595 adhaesit,
1383 3519 1624 3582 oscula
1671 3518 1849 3595 fixit,
1906 3519 2007 3583 ita
2062 3519 2357 3584 devotus
2416 3520 2727 3585 existens

823 3625 903 3681 ut
932 3618 1054 3681 vix
1089 3617 1371 3682 cuilibet
1401 3618 1727 3683 credibile
1757 3619 2130 3685 videretur.
2242 3619 2357 3684 Ad
2390 3619 2437 3683 J
2442 3620 2724 3685 ordanis

821 3718 1086 3782 fluenta
1115 3718 1516 3800 procedenS,
1553 3738 1709 3781 cum
1739 3720 1964 3784 cilicio
1992 3727 2063 3783 et
2090 3720 2378 3804 scypho,
2412 3739 2617 3803 quem
2650 3721 2723 3783 in

820 3839 986 3900 pera
1029 3819 1380 3901 portabat,
1413 3825 1483 3883 et
1527 3838 1731 3883 cruce
1776 3820 2069 3897 modica,
2101 3840 2310 3903 quam
2350 3839 2621 3903 semper
2649 3820 2724 3884 in

821 3920 1139 3983 manibus
1201 3919 1484 3994 ferebat,
1544 3938 1765 4001 aquas
1823 3920 2127 3984 fluminis
2174 3918 2511 3997 introivit,
2561 3940 2722 4003 quae

821 4020 1008 4082 omni
1077 4028 1236 4100 post
1292 4027 1601 4101 tempore
1668 4039 1806 4102 quo
1870 4021 2046 4084 vixit
2106 4020 2347 4085 habuit
2410 4021 2723 4100 cariora3

823 4124 990 4181 tuuc
1044 4118 1265 4198 primo
1306 4127 1534 4183 vestes
1580 4120 1797 4197 exuit,
1842 4119 1927 4185 de
1973 4140 2113 4203 qua
2156 4120 2343 4184 lotus
2388 4120 2729 4199 ascendit,

821 4217 1294 4281 calceamenta
1317 4218 1637 4302 deposuit
1670 4228 1742 4285 et
1776 4221 1976 4297 dixit,
2001 4219 2231 4284 ‘Deus
2262 4220 2727 4303 omnipotenS,
