3108 5059
878 487 1156 537 nonas
1204 485 1748 539 msronlARuM.
2124 477 2257 542 403

350 645 671 724 concilio,
697 645 1040 710 credimus
1075 654 1146 712 et
1173 647 1589 712 eonfitemur
1610 667 1767 713 cum
1804 648 2041 727 Petro,
2069 651 2251 732 quod
2278 671 2389 711 Λα).
2412 671 2525 712 mo.
2598 701 2607 707 .

347 763 490 809 una
537 743 858 829 quoedam
902 766 1175 811 summa
1199 767 1324 812 res
1371 755 1504 826 est,
1545 749 2253 833 incomprehensibilis
2277 723 2508 812 {1⁰33}er

350 846 626 928 quidem
653 854 741 911 et
771 846 1164 926 ineffabilis,
1199 867 1357 931 quae
1397 849 1738 914 veraciter
1778 857 1888 914 ost
1928 850 2143 916 Pater
2184 859 2255 916 et
2276 824 2553 863 mmmmm

353 944 573 1011 Filius
607 953 679 1011 et
711 946 1011 1030 Spiritus
1041 947 1365 1026 SanctuS,
1405 955 1547 1013 tres
1582 949 1787 1012 simul
1820 969 2137 1032 personae
2170 969 2275 1016 ac·

348 1045 708 1127 sigillatim
742 1047 1069 1129 quaelibet
1101 1048 1512 1128 earundem3
1560 1055 1631 1113 et
1658 1050 1813 1114 ideo
1847 1050 1920 1113 in
1957 1049 2113 1114 Deo
2142 1069 2255 1116 so-

348 1144 699 1211 lummodo
749 1147 1028 1212 trinitas
1083 1154 1192 1212 est
1243 1155 1316 1212 et
1379 1167 1519 1212 non
1572 1150 2029 1231 quaternitaS,
2088 1151 2253 1234 quia

348 1246 676 1328 quaelibet
711 1246 922 1310 trium
961 1265 1414 1330 personarum
1449 1255 1559 1312 est
1597 1247 1721 1313 illa
1753 1267 1890 1326 res,
1926 1251 2250 1315 substan-

347 1346 448 1410 tia
512 1346 858 1425 videlicet,
921 1349 1224 1412 essentia
1287 1367 1408 1412 seu
1466 1347 1704 1412 divina
1758 1357 2034 1426 natura,
2094 1369 2251 1433 quae

346 1445 499 1510 sola
553 1453 662 1512 est
715 1447 1193 1513 universorum
1239 1448 1681 1532 principium,
1735 1455 1991 1531 praeter
2039 1469 2251 1534 quam

347 1546 536 1613 aliud
568 1547 863 1612 inveniri
899 1567 1040 1612 non
1077 1555 1350 1631 potest3
1397 1556 1470 1614 et
1505 1549 1633 1613 illa
1662 1569 1775 1614 res
1812 1569 1953 1614 non
1988 1557 2099 1614 est
2130 1571 2253 1632 ge-

347 1665 626 1726 nerans,
669 1665 895 1730 neque
947 1649 1208 1730 genita,
1251 1667 1478 1733 neque
1529 1649 1932 1733 procedens,
1977 1650 2098 1714 sed
2142 1658 2252 1716 est

349 1747 564 1812 Pater
590 1746 713 1831 qui
755 1756 1069 1829 generat,
1101 1755 1172 1814 et
1206 1748 1428 1814 Filius
1461 1751 1581 1833 qui
1624 1749 1960 1831 gignitur,
1996 1756 2067 1814 et
2097 1749 2249 1834 Spi-

345 1847 522 1912 ritus
561 1847 860 1912 Sanctus
912 1849 1033 1932 qui
1083 1849 1420 1931 procedit,
1465 1857 1544 1914 ut
1586 1849 2068 1914 distinctiones
2106 1850 2251 1913 sint

343 1948 418 2012 in
455 1948 770 2030 personis
803 1956 876 2012 et
909 1949 1142 2013 unitas
1173 1949 1246 2012 in
1280 1958 1554 2015 natura.
1622 1948 1821 2014 Licet
1850 1950 2032 2014 enim
2066 1950 2251 2012 alius

347 2048 442 2112 sit
466 2047 704 2126 Pater,
735 2048 916 2112 alius
950 2048 1194 2126 Filius,
1216 2048 1398 2113 alius
1428 2049 1729 2132 Spiritus
1759 2048 2083 2127 Sanctus,
2110 2070 2249 2114 non

347 2155 581 2212 tamen
625 2149 858 2228 aliud3
910 2148 1125 2214 Pater
1168 2149 1350 2214 enim
1393 2150 1484 2214 ab
1523 2157 1787 2214 aeterno
1833 2149 2085 2214 Filium
2128 2169 2249 2232 ge-

345 2249 652 2314 nerando
703 2267 903 2313 suam
947 2249 1408 2316 substantiam
1450 2249 1514 2314 ei
1554 2249 1770 2327 dedit,
1805 2249 2022 2334 juxta
2064 2250 2249 2332 quod

343 2349 494 2432 ipse
535 2355 858 2427 testatur,
907 2348 1121 2414 Pater
1156 2349 1340 2433 quod
1373 2349 1570 2414 dedit
1610 2349 1805 2428 mihi,
1836 2349 2063 2434 majus
2101 2369 2250 2415 om-

345 2450 548 2513 nibus
588 2455 718 2514 est.
795 2449 890 2513 Et
933 2449 1068 2514 dici
1111 2469 1250 2526 non
1287 2457 1544 2533 potest,
1582 2450 1767 2535 quod
1802 2457 2073 2534 partem
2104 2470 2251 2515 suae

344 2550 756 2615 substantiae
799 2549 901 2614 illi
947 2550 1237 2628 dederit,
1278 2558 1350 2615 et
1394 2558 1664 2635 partem
1709 2551 2071 2615 retinuerit
2101 2552 2249 2634 ipse

340 2651 510 2727 sibi,
551 2670 708 2714 cum
758 2649 1156 2715 substantia
1198 2650 1434 2715 Patris
1477 2650 1915 2715 indivisibilis
1968 2650 2085 2729 sit,
2137 2658 2251 2715 ut-

342 2758 507 2833 pote
547 2750 846 2834 simplex
891 2752 1214 2832 omnino;
1261 2751 1382 2815 sed
1429 2772 1557 2816 nec
1598 2751 1735 2815 dici
1770 2757 2026 2835 potest,
2062 2751 2247 2834 quod

346 2850 562 2915 Pater
603 2850 678 2915 in
725 2850 982 2916 Filium
1039 2852 1476 2917 transtulerit
1531 2870 1731 2916 suam
1788 2851 2250 2916 substantiam

344 2951 736 3033 generando
795 2952 1017 3030 illum,
1067 2952 1272 3035 quasi
1331 2953 1434 3017 sic
1494 2951 1761 3015 dederit
1822 2970 1977 3016 eam
2046 2951 2249 3028 Filio,

344 3052 526 3135 quod
571 3071 712 3116 non
769 3052 1134 3117 retinuerit
1178 3051 1401 3134 ipsam
1449 3052 1607 3129 sibi,
1648 3050 1961 3135 alioquin
2006 3051 2249 3115 desiis-

343 3158 452 3217 set
481 3170 638 3216 esse
673 3152 1106 3233 snbstantia3
1143 3152 1364 3216 Filius
1409 3170 1575 3216 vero
1610 3152 2072 3215 substantiam
2109 3150 2249 3215 Pa-

341 3251 468 3315 tris
513 3253 858 3334 integram
909 3252 1260 3317 nascendo
1317 3251 1614 3335 accepit,
1658 3257 1729 3316 et
1770 3251 1877 3316 ita
1920 3250 2136 3315 Pater
2178 3258 2250 3315 et

342 3351 566 3416 Filius
610 3351 904 3417 eandem
945 3352 1206 3418 habent
1236 3352 1727 3429 substantiam,
1764 3358 1837 3415 et
1868 3349 2107 3415 eadem
2138 3370 2251 3415 res

337 3460 448 3518 est
496 3451 713 3517 Pater
755 3459 829 3517 et
875 3451 1122 3530 Filius,
1166 3470 1433 3517 necnon
1486 3458 1559 3517 et
1602 3450 1903 3534 Spiritus
1948 3450 2249 3515 Sanctus

340 3553 427 3617 ab
485 3558 784 3635 utroque
841 3553 1222 3635 procedens
1284 3559 1354 3617 et
1418 3553 1494 3617 in
1550 3558 1849 3635 utroque
1903 3568 2247 3629 manens3

343 3672 484 3716 non
523 3652 733 3729 enim,
776 3658 858 3716 ut
901 3653 1002 3717 ait
1047 3653 1262 3717 abbas
1305 3651 1354 3716 J
1359 3651 1655 3729 oachim,
1704 3650 1943 3715 fideles
1988 3649 2249 3714 Christi

340 3760 505 3817 sunt
546 3766 785 3829 unum,
829 3752 898 3815 id
951 3759 1084 3831 est,
1131 3771 1274 3817 una
1323 3752 1644 3836 quaedam
1700 3769 1811 3815 res
1857 3768 2015 3834 quae
2058 3768 2250 3827 comss

339 3852 568 3917 munis
597 3853 706 3917 ‘sit
747 3853 1089 3930 omnibus,
1130 3852 1252 3917 sed
1289 3859 1456 3917 sunt
1486 3871 1702 3916 unum
1740 3851 1813 3916 in
1844 3850 2095 3914 unione
2134 3868 2251 3913 ca-

340 3952 592 4029 ritatis,
636 3952 710 4016 in
755 3954 1027 4033 gratia3
1082 3971 1209 4036 pro
1262 3952 1579 4036 personis
1634 3971 1797 4016 vero
1846 3949 2127 4027 divinis,
2172 3957 2250 4014 ut

340 4053 768 4130 attendatur,
796 4051 1186 4118 identitatis
1224 4053 1459 4117 unitas
1494 4053 1567 4116 in
1598 4057 1873 4115 natura.
1942 4050 2251 4115 Damna-

339 4172 495 4217 mus
533 4152 751 4235 igitur
789 4161 862 4219 et
908 4154 1358 4237 reprobamus
1402 4152 1711 4216 libellum
1751 4150 1798 4216 J
1804 4150 2073 4217 oachim
2106 4149 2254 4216 sive

340 4252 749 4333 doctrinam,
785 4252 887 4317 ita
930 4259 1033 4331 ut,
1078 4252 1140 4317 si
1174 4252 1334 4335 quis
1369 4252 1522 4336 ejus
1567 4251 1981 4317 sententiam
2016 4252 2087 4314 in
2124 4250 2255 4313 hac

1896 4381 2040 4427 21>2
