3108 5059
881 475 1162 524 smnus
1209 476 1751 527 ms'ronmaun.
2138 463 2268 528 163

239 707 252 720 .
355 636 421 693 et
477 636 686 694 terrae
749 631 1120 697 liberorum
1171 641 1408 698 custos
1473 634 1606 698 erit
1658 634 1808 698 sive
1862 655 2065 713 uxor,
2112 637 2261 702 sive
2288 653 2399 693 An.
2422 657 2533 694 noo.

353 728 528 793 alius
561 733 1040 815 propinquior,
1075 735 1194 816 qui
1215 734 1478 817 justius
1509 753 1664 798 esse
1698 731 1943 815 debet3
1978 745 2049 800 et
2079 757 2255 819 prae·
2286 705 2527 805 fssss‘r‘fif’f
2572 785 2579 790 .

351 829 555 913 cipio,
623 839 703 896 ut
766 832 1080 898 homines
1140 834 1276 898 mei
1334 834 1655 898 similiter
1717 855 1795 899 se
1854 837 2260 902 contineant

351 949 518 1012 erga
547 931 728 997 filios
761 941 832 996 et
861 933 1041 997 filias
1072 941 1146 998 et
1173 953 1432 998 uxores
1462 934 1817 999 hominum
1852 955 2156 1001 suorum.

449 1035 469 1064 ‘
487 1029 972 1115 Monetagium
1015 1053 1401 1111 commune,
1448 1036 1637 1117 quod
1684 1036 2091 1118 capiebatur
2134 1056 2259 1118 per

351 1130 676 1196 civitates
727 1133 841 1198 vel
892 1133 1291 1211 comitatus,
1349 1135 1534 1216 quod
1586 1155 1725 1199 non
1768 1135 1904 1199 fuit
1946 1143 2257 1218 tempore

353 1229 681 1296 Edwardi
702 1234 912 1314 regis,
935 1234 1068 1299 hoc
1085 1253 1173 1298 ne
1203 1234 1454 1298 amodo
1473 1235 1598 1299 fiat
1621 1235 1900 1299 omnino
1926 1234 2253 1316 defend03

351 1331 410 1394 si
454 1333 613 1414 quis
660 1341 909 1416 captus
945 1334 1179 1412 fuerit,
1219 1335 1367 1400 sive
1399 1336 1825 1400 monetarius
1868 1336 2017 1400 sive
2051 1336 2255 1414 alius,

349 1451 504 1494 cum
539 1432 723 1497 falsa
750 1441 1052 1513 moneta,
1074 1433 1353 1518 justitia
1384 1442 1577 1499 recta
1606 1435 1769 1500 inde
1784 1435 1933 1500 fiat.
2000 1435 2255 1500 Omnia

349 1531 611 1613 placita
641 1541 711 1598 et
747 1536 982 1598 omnia
1028 1533 1284 1613 debita,
1329 1554 1486 1619 quae
1529 1537 1681 1619 regi
1711 1535 1913 1600 fratri
1946 1555 2101 1600 meo
2136 1537 2255 1601 de·-

350 1632 714 1710 bebantur,
761 1636 1102 1713 condono,
1159 1635 1474 1718 exceptis
1517 1635 1734 1700 firmis
1776 1636 1973 1714 meis,
2017 1643 2090 1700 et
2132 1657 2254 1702 ex-

348 1734 568 1815 ceptis
613 1734 778 1812 illis,
823 1754 982 1818 quae
1026 1743 1237 1818 pacta
1281 1742 1478 1799 erant
1523 1756 1651 1818 pro
1692 1735 1988 1800 aliorum
2031 1735 2251 1800 haere-

347 1830 709 1912 ditatibus,
745 1836 858 1898 vel
913 1854 1041 1918 pro
1090 1836 1228 1899 illis
1273 1836 1504 1914 rebuS,
1558 1855 1717 1919 quae
1761 1836 2025 1919 justius
2075 1835 2252 1900 alios

345 1934 866 2015 contingebant.
971 1935 1064 1999 Et
1095 1935 1158 1998 si
1203 1936 1360 2019 quis
1393 1937 1656 2019 aliquid
1690 1955 1818 2018 pro
1849 1935 2253 2000 haereditate

346 2051 480 2097 sua
516 2035 908 2117 pepigerat,
953 2035 1124 2098 illud
1181 2035 1524 2113 condon0,
1572 2042 1645 2100 et
1695 2055 1937 2099 omnes
1983 2035 2251 2101 releva-

345 2133 598 2211 tiones,
627 2154 788 2217 quae
825 2155 954 2218 pro
983 2135 1192 2200 rectis
1221 2134 1743 2200 haereditatibus
1770 2142 1997 2218 pactae
2025 2139 2249 2202 erant.

346 2231 438 2297 Et
467 2234 530 2297 si
566 2236 724 2317 quis
760 2237 1095 2300 baronum
1142 2236 1252 2300 vel
1299 2235 1653 2299 hominum
1704 2255 2013 2300 meorum
2060 2235 2249 2299 infir-

345 2333 673 2412 mabitur,
737 2335 924 2400 sicut
979 2336 1129 2418 ipse
1186 2336 1382 2400 dabit
1436 2335 1545 2400 vel
1596 2336 1762 2399 dare
1830 2336 2249 2418 disposuerit

343 2435 708 2514 pecuniam
763 2454 988 2512 suam,
1035 2437 1136 2500 ita
1191 2435 1425 2499 datam
1465 2455 1618 2500 esse
1648 2436 1995 2515 conced03
2062 2436 2244 2518 quod

342 2536 400 2598 si
433 2536 589 2618 ipse
618 2544 1018 2619 praeventus
1059 2536 1172 2601 vel
1219 2536 1455 2614 armiS,
1499 2538 1613 2601 vel
1655 2535 2083 2614 infirmitate,
2130 2556 2248 2619 pe-

341 2637 620 2699 cuniam
666 2656 865 2700 suam
909 2656 1048 2700 non
1097 2635 1364 2701 dederit
1413 2657 1538 2701 nec
1592 2635 1759 2700 dare
1804 2636 2248 2719 disposuerit,

343 2755 524 2801 uxor
586 2755 718 2801 sua
779 2737 928 2802 sive
991 2737 1186 2801 liberi
1248 2744 1372 2802 aut
1431 2744 1755 2819 parentes
1821 2744 1894 2800 et
1959 2735 2249 2818 legitimi

343 2834 658 2900 homines
701 2838 812 2901 sui
840 2856 968 2920 pro
1012 2837 1246 2901 anima
1289 2836 1444 2921 ejus
1485 2856 1638 2901 eam
1684 2835 2026 2913 dividant,
2070 2837 2250 2901 sicut

343 2937 440 3000 eis
487 2936 737 3001 melius
777 2938 1004 3002 visum
1061 2936 1295 3002 fuerit.
1395 2937 1475 3001 Si
1533 2938 1691 3020 quis
1740 2938 2075 3001 baronum
2139 2938 2249 3001 vel

341 3036 695 3100 hominum
745 3056 1054 3101 meorum
1087 3036 1517 3116 forisfecerit,
1562 3056 1703 3101 non
1744 3036 1939 3101 dabit
1970 3036 2247 3101 vadium

342 3138 412 3200 in
445 3137 918 3201 misericordia
952 3138 1266 3220 pecuniae
1296 3156 1468 3214 suae,
1513 3138 1695 3201 sicut
1726 3136 2026 3201 faciebat
2071 3143 2245 3200 tem-

340 3255 508 3319 pore
547 3238 772 3319 patris
815 3236 930 3300 vel
973 3236 1208 3301 fratris
1254 3237 1414 3315 mei,
1467 3238 1587 3301 sed
1629 3237 2006 3300 secundum
2046 3235 2247 3299 foris-

339 3338 633 3401 facturae
679 3337 982 3414 modum,
1027 3356 1153 3400 nec
1207 3338 1310 3401 ita
1359 3335 1753 3401 emendabit
1801 3336 1981 3399 sicut
2015 3355 2243 3399 emen-

337 3438 578 3501 dasset
609 3430 627 3467 ¹
643 3443 830 3501 retro
864 3443 1173 3518 tempore
1203 3436 1424 3520 patris
1461 3438 1596 3500 mei
1618 3436 1730 3501 vel
1752 3436 2025 3514 fratris3
2058 3436 2246 3518 quod

337 3540 397 3601 si
436 3536 750 3621 perfidiae
781 3537 892 3600 vel
930 3536 1212 3600 sceleris
1249 3538 1608 3601 convictus
1642 3536 1873 3613 fuerit,
1902 3536 2085 3600 sicut
2112 3536 2248 3600 erit

335 3638 572 3721 culpa,
617 3638 719 3701 sic
761 3637 1101 3701 emendet.
1207 3636 1500 3701 Murdra
1543 3637 1753 3700 etiam
1784 3642 1969 3699 retro
2000 3636 2091 3698 ab
2123 3635 2248 3699 illa

333 3738 474 3815 die,
513 3755 658 3820 qua
699 3738 772 3800 in
813 3756 1047 3819 regem
1078 3745 1449 3801 coronatus
1481 3736 1609 3813 fui,
1641 3736 1872 3799 omnia
1906 3734 2245 3813 condono,

335 3846 404 3903 et
437 3856 526 3903 ea
557 3854 717 3919 quae
753 3820 1001 3902 amodo
1031 3836 1221 3901 facta
1255 3837 1514 3901 fuerint
1542 3836 1737 3919 juste
1772 3835 2244 3913 emendentur,

334 3937 722 4003 secundum
751 3938 983 4019 lagam
1015 3938 1198 4020 regis
1235 3936 1583 4001 Edwardi.
1693 3936 2023 4017 Forestas
2059 3955 2247 3999 com-

403 4161 420 4193 ¹
435 4164 593 4212 Retro
617 4156 871 4229 tempora]
895 4161 912 4189 ‘
930 4162 1084 4210 Retro
1105 4166 1269 4210 atem·
1323 4177 1434 4210 rum
1511 4166 1885 4212 antecessorum
1958 4176 2181 4213 meorum
2210 4164 2248 4223 3'

333 4248 456 4295 pore
477 4233 643 4295 patris
677 4232 778 4279 mei
810 4232 862 4279 in
895 4235 1117 4292 tempore
1145 4232 1271 4280 alio·
1321 4232 1468 4281 Text.
1492 4231 1625 4281 Roff.

1931 4332 2037 4375 Μ2
