3108 5059
887 481 1165 550 rnonns
1211 499 1750 550 HISTORIARUM.
2140 483 2273 549 329

363 660 635 738 vicerit,
662 680 788 724 nec
820 659 1329 725 verecundatur
1357 660 1601 724 cedere
1624 678 1783 724 cum
1812 661 2267 741 superaverit.

371 760 791 843 Insipienter
833 767 1143 824 attamen
1181 761 1254 824 in
1299 761 1595 824 caritate
1642 779 1783 824 non
1816 760 1981 824 ficta
2018 762 2120 824 sic
2163 761 2266 825 lo·

368 862 684 943 quimur3
731 860 854 925 sed
897 859 960 924 si
1005 859 1120 924 hic
1159 860 1262 923 rei
1298 860 1456 924 finis
1500 860 1873 938 exstiterit,
1906 867 2009 937 ut,
2056 861 2265 924 amis-

369 961 466 1024 sis
497 961 842 1038 omnibuS,
873 960 1192 1025 dominus
1220 958 1747 1025 Cantuariensis
1778 959 2065 1023 exilium
2089 959 2264 1043 juge

367 1061 736 1138 sustineat,
781 1067 852 1124 et
883 1059 1159 1137 vestriS,
1209 1059 1392 1142 quod
1439 1060 1647 1138 absit,
1694 1059 2043 1123 mandatis
2087 1060 2269 1124 ulte-

369 1160 514 1224 rius
546 1157 812 1242 Anglia
843 1179 986 1224 non
1023 1159 1325 1238 obediat,
1369 1159 1617 1224 fuisset
1660 1159 1883 1223 satius
1926 1159 2271 1241 patienter

370 1259 459 1323 ad
528 1266 801 1343 tempus
857 1259 1298 1337 sustinuisse,
1352 1278 1564 1343 quam
1626 1266 1825 1324 tanto
1879 1260 2269 1324 severitatis

373 1360 523 1424 zelo
577 1359 984 1425 deservisse.
1121 1358 1304 1437 Quid
1346 1359 1530 1422 enim
1586 1349 1648 1423 si
1694 1359 1927 1442 plures
1982 1378 2023 1422 e
2072 1360 2271 1423 nobis

373 1460 464 1523 ab
523 1459 916 1524 obedientia
974 1466 1212 1524 vestra
1287 1460 1677 1542 persecutio
1742 1478 2067 1541 separare
2132 1479 2270 1522 non

370 1559 652 1642 poterit,
697 1579 836 1624 non
879 1558 1099 1623 deerit
1135 1565 1368 1623 tamen
1412 1559 1533 1641 qui
1576 1577 1809 1642 genua
1835 1565 2079 1623 curvet
2110 1565 2273 1624 ante

375 1659 580 1736 Baal,
627 1667 698 1722 et
751 1659 837 1724 de
895 1678 1108 1722 manu
1164 1659 1334 1723 idoli
1391 1658 1679 1741 pallium
1746 1657 2273 1733 Cantuariense,

375 1779 518 1823 non
560 1759 800 1824 habito
845 1758 1198 1841 religionis
1243 1758 1542 1835 delectu,
1580 1759 1939 1840 suscipiat,
1982 1778 2109 1822 nec
2158 1758 2275 1822 de-

373 1866 579 1923 erunt
607 1860 728 1941 qui
782 1858 982 1924 sedes
1021 1866 1296 1923 nostras
1339 1865 1761 1942 occupantes
1813 1864 1884 1922 et
1927 1858 2273 1922 cathedris

375 1959 634 2022 nostris
717 1959 1094 2023 insidentes
1166 1960 1302 2041 ipsi
1369 1965 1522 2023 tota
1584 1957 1835 2022 mentis
1906 1957 2274 2022 devotione

371 2058 725 2124 obediant.
845 2058 894 2123 J
899 2078 1012 2121 am
1079 2058 1280 2123 multi
1339 2058 1870 2140 prognosticant
1933 2057 2021 2120 ad
2080 2058 2275 2135 talia,

375 2166 702 2242 optantes
745 2166 827 2223 ut
854 2158 1138 2223 veniant
1187 2158 1544 2235 scandala,
1589 2165 1661 2221 et
1698 2157 1963 2222 directa
2006 2177 2274 2240 ponan-

377 2266 494 2324 tur
521 2260 596 2324 in
625 2279 891 2342 prava3
937 2258 1145 2335 unde,
1177 2266 1380 2342 pater
1421 2257 1881 2335 sanctissime,
1932 2278 2068 2321 non
2114 2277 2275 2340 pro-

377 2360 530 2442 pria
589 2359 984 2442 plangimus
1041 2365 1167 2422 aut
1209 2359 1563 2441 ploramus
1616 2357 2073 2435 incommoda,
2130 2357 2276 2435 sed,

378 2459 510 2523 nisi
544 2459 654 2523 his
681 2460 881 2523 malis
914 2457 1204 2523 celerius
1239 2459 1646 2536 occurratiS,
1680 2458 1936 2522 foedam
1966 2458 2277 2522 ecclesiae

377 2561 516 2625 Dei
579 2561 1096 2625 subversionem
1147 2560 1717 2642 pertimescimuS,
1774 2578 1861 2621 ne
1914 2558 2141 2635 citiuS,
2188 2559 2278 2622 ob

378 2662 542 2727 vitae
573 2660 880 2737 taedium,
914 2666 1233 2743 optemus
1278 2659 1567 2743 periisse
1610 2658 1788 2721 diem
1834 2658 1907 2719 in
1946 2677 2086 2739 quo
2130 2659 2279 2721 nati

379 2760 670 2825 sumus.'
773 2760 1036 2825 Eodem
1105 2779 1288 2824 anno
1352 2760 1685 2835 Thomas»,
1752 2756 2279 2821 Cantuariensis

379 2860 964 2943 archiepiscopus,
995 2856 1302 2923 Alanum
1348 2859 1434 2922 de
1475 2858 1761 2922 Nevilla
1806 2858 2277 2921 excommuni-

376 2960 592 3035 cavit,
619 2960 785 3042 quia
813 2958 1241 3024 Willelmum
1281 2958 1714 3042 capellanum
1752 2977 1953 3021 suum
1983 2956 2277 3021 vinculis

379 3061 606 3125 tenuit
636 3060 1002 3124 irretitum.
1107 3057 1372 3123 Eodem
1415 3058 1657 3141 utique
1704 3064 2014 3139 tempore
2050 3050 2279 3120 Cona-

377 3179 535 3239 nuS,
579 3160 864 3225 minoris
897 3158 1282 3223 Britanniae
1317 3177 1573 3234 comeS‚
1602 3157 1765 3220 dum
1809 3156 1883 3219 in
1926 3155 2073 3219 fata
2115 3174 2280 3219 con-

377 3261 679 3337 cederet,
739 3279 829 3323 ex
885 3278 1122 3323 sorore
1182 3257 1367 3340 regis
1421 3258 1810 3333 Scotorum,
1865 3254 2279 3319 Constantia

381 3361 683 3439 nomine,
718 3359 930 3422 filiam
977 3358 1258 3440 reliquit
1301 3357 1667 3434 haeredem,
1714 3374 1921 3438 quam
1966 3374 2091 3418 rex
2127 3352 2279 3418 An-

383 3460 655 3542 glorum
703 3458 1054 3523 Henricus
1084 3456 1425 3522 Gausrido
1469 3457 1612 3521 filio
1657 3475 1785 3520 suo
1828 3474 2116 3519 uxorem
2162 3473 2281 3518 ac-

381 3561 644 3643 cipiens
676 3566 748 3623 et
778 3560 852 3622 in
897 3577 1070 3641 pace
1114 3556 1487 3623 statuenda
1529 3556 1791 3639 passim
1837 3575 1961 3637 per
1996 3555 2278 3620 Britan-

384 3662 570 3726 niam
605 3659 959 3723 studiosus
983 3659 1318 3735 existenS,
1336 3657 1568 3721 animo
1587 3657 1845 3721 clerum
1866 3661 2068 3718 terrae
2093 3655 2281 3718 illius

377 3762 512 3829 sibi
544 3759 946 3827 conciliavit
978 3765 1048 3822 et
1078 3758 1433 3841 populum.

482 3934 708 3999 Litera
737 3932 1098 3998 Alexandri
1119 3954 1309 4017 papae
1339 3932 1430 3996 ad
1452 3952 1649 4017 reqom
1681 3930 2029 3994 Henrioum
2048 3902 2175 4015 pro

849 4032 1342 4097 reconciliatione
1373 4028 1535 4096 beati
1574 4031 1830 4095 Thomae.

482 4156 693 4221 Anno
743 4156 1025 4220 Domini
1080 4172 1398 4221 Mchlx.
1447 4176 1633 4239 papa
1679 4154 2085 4220 Alexander
2139 4156 2286 4237 regi

386 4254 776 4341 Anglorum
845 4276 972 4341 pro
1042 4257 1322 4337 negotio
1387 4254 1914 4321 Cantuariensis
1976 4255 2285 4321 ecclesiae

2295 677 2406 717 Aa).
2428 679 2542 716 1168.

2296 728 2461 767 hetters

2294 779 2343 817 of
2358 779 2515 817 Becket

2293 829 2377 868 and
2395 829 2552 868 others.

2315 4179 2423 4217 A.D.
2448 4180 2556 4217 1169.

2311 4229 2551 4268 Alexander
2568 4230 2613 4267 to

2311 4280 2385 4320 the
2401 4280 2520 4328 king.
