3108 5059
563 673 674 714 Aa).
695 675 807 714 1098.

563 723 738 774 Histoi-y
756 726 804 764 of

564 774 860 818 thecmsades.

885 486 1014 552 114
1385 509 1656 558 nocam
1704 510 1799 556 nn
1844 507 2257 557 wnunovun

885 662 976 726 do
1009 662 1226 730 frater
1258 665 1435 749 ejuS,
1463 666 1902 742 Lambertus,
1934 671 2005 730 et
2041 657 2197 728 ¹alii
2224 662 2425 728 multi
2456 679 2609 726 cum
2640 659 2780 738 eis3

889 763 1032 842 alii,
1058 765 1144 830 de
1177 767 1635 832 subventione
1668 767 2141 850 desperantes,
2174 763 2263 828 ad
2296 762 2530 828 hostes
2558 760 2783 826 crucis

887 883 964 928 se
1009 867 1476 945 contulerunt,
1522 868 1782 932 Christi
1832 866 2063 940 fidem,
2100 864 2271 930 facti
2312 862 2531 945 impii,
2579 861 2785 926 dene-

887 973 1160 1046 gantes.
1285 967 1507 1032 Erant
1537 975 1610 1032 et
1657 968 1775 1032 alii
1819 967 2020 1032 multi
2052 967 2173 1050 qui
2206 965 2447 1046 sugam
2491 961 2781 1028 medita-

883 1065 1140 1132 bantur
1172 1067 1490 1146 sollicite,
1526 1067 1649 1132 sed
1683 1088 1808 1152 per
1836 1067 2236 1150 episcopum
2267 1064 2680 1130 Podiensem
2710 1069 2781 1128 et

883 1164 1126 1234 ducem
1161 1167 1643 1233 Boamundum
1684 1168 1967 1233 suerunt
1992 1167 2326 1242 revocati,
2360 1171 2455 1240 et,
2484 1163 2673 1246 quod
2698 1163 2781 1226 de

883 1269 1164 1348 negotio
1209 1267 1471 1334 Christi
1507 1290 1647 1335 non
1689 1269 2111 1346 recederent,
2144 1287 2271 1351 per
2304 1266 2777 1350 juramentum

881 1370 1265 1446 constricti,
1301 1389 1664 1454 quousque
1698 1370 1953 1435 bellum
1995 1368 2181 1453 quod
2212 1367 2522 1432 futurum
2548 1382 2781 1447 spera-

883 1466 1092 1532 batur
1143 1478 1328 1534 esset
1361 1470 1804 1553 completum.
1928 1469 2179 1533 Fames
2223 1475 2563 1550 praeterea
2606 1463 2777 1530 adeo

879 1566 953 1630 in
1005 1569 1290 1634 civitate
1344 1589 1583 1635 omnes
1640 1570 1912 1648 afflixit,
1962 1577 2042 1634 ut
2096 1588 2243 1652 prae
2295 1568 2775 1632 alimentorum

882 1666 1154 1734 defectu
1184 1671 1380 1753 plebs
1403 1671 1489 1734 ad
1517 1672 1752 1754 turpia
1780 1669 1985 1736 nimis
2012 1668 2450 1736 incommoda
2472 1666 2777 1732 declina-

882 1773 1028 1846 ret3
1081 1767 1344 1852 gallina
1377 1771 1619 1836 solidis
1657 1771 2047 1857 quindecim
2088 1769 2535 1844 vendebatur,
2568 1785 2777 1830 ovum

881 1868 1122 1934 solidis
1166 1871 1458 1949 duobuS,
1503 1892 1652 1936 nux
1694 1892 1823 1955 pro
1857 1872 2173 1949 denari03
2220 1870 2542 1935 arborum
2586 1866 2778 1944 folia,

881 1969 1198 2048 carduOS,
1229 1991 1563 2054 equorum
1595 1979 1668 2036 et
1695 1972 2045 2037 asinorum
2071 1971 2283 2047 coria,
2306 1968 2775 2044 devorabant;

879 2070 1246 2135 morticina
1288 2092 1563 2156 quoque
1596 2079 1668 2136 et
1710 2092 1954 2136 carnes
2005 2071 2371 2147 mulorum,
2417 2087 2776 2152 equorum,

878 2167 1254 2246 asinorum,
1287 2190 1564 2248 canum,
1596 2179 1665 2236 et
1695 2173 2051 2237 immunda
2084 2189 2358 2254 quoque
2404 2168 2777 2233 absorben-

878 2274 1008 2345 teS,
1037 2289 1163 2351 pro
1198 2273 1484 2336 summis
1513 2272 1777 2337 deliciis
1807 2273 2243 2356 reputabant.
2336 2270 2510 2333 Erat
2542 2275 2773 2332 autem

875 2367 1265 2436 miserabile
1308 2373 1486 2450 visu,
1532 2373 1744 2451 viros,
1788 2374 1983 2456 prius
2020 2373 2345 2437 robustos
2388 2375 2459 2434 et
2502 2368 2777 2451 generis

878 2469 1240 2537 nobilitate
1288 2473 1689 2556 praeclaros,
1735 2493 1879 2558 prae
1944 2473 2157 2539 nimia
2209 2478 2375 2538 tunc
2420 2469 2778 2537 debilitate

878 2570 1143 2636 baculis
1202 2574 1481 2639 innixos
1539 2582 1612 2639 et
1655 2594 1848 2640 arma
1914 2594 2189 2639 movere
2256 2593 2396 2638 non
2437 2569 2771 2637 valentes.

876 2669 1275 2739 Willelmus
1337 2676 1607 2739 interea
1668 2675 1753 2740 de
1807 2673 2312 2751 Grantemenil,
2358 2679 2430 2737 et
2480 2670 2769 2754 Stepha-

877 2790 1007 2835 nus
1061 2772 1591 2841 Carnotensium
1646 2794 1902 2854 comes,
1949 2782 2021 2841 et
2064 2774 2185 2839 alii
2227 2773 2350 2857 qui
2400 2792 2559 2837 cum
2602 2772 2773 2855 ipsis

876 2871 1320 2953 aufugerant,
1360 2875 1673 2939 miserias
1718 2896 1893 2959 quas
1936 2875 2123 2958 apud
2157 2872 2599 2939 Antiochiam
2647 2892 2772 2955 pa-

875 2971 1227 3039 tiebantur
1279 2975 1658 3040 Christiani
1723 2976 2039 3043 omnibus
2099 2980 2484 3059 exponunt,
2534 2980 2630 3049 et,
2686 2992 2771 3038 ne

874 3071 1009 3154 ipsi
1053 3074 1142 3137 ob
1185 3075 1405 3142 levem
1451 3094 1734 3142 causam
1783 3084 1855 3142 et
1901 3084 2227 3159 tanquam
2278 3074 2499 3140 timidi
2544 3074 2771 3140 socios

873 3171 1257 3241 deseruisse
1309 3176 1729 3254 viderentur,
1791 3177 2227 3242 afflictionem
2291 3195 2551 3251 eorum,
2608 3174 2768 3239 licet

871 3272 1430 3358 incomparabilis
1474 3277 1743 3355 fuisset,
1788 3277 2101 3343 studiosa
2156 3285 2388 3341 tamen
2436 3275 2767 3340 relatione

872 3372 1177 3441 efficiunt
1226 3376 1583 3460 majorem,
1646 3397 1805 3443 cum
1864 3378 1950 3442 de
2011 3377 2285 3459 magnis
2345 3376 2615 3459 majora
2664 3375 2766 3439 lo-

873 3481 1204 3555 quuntur.
1329 3476 1708 3541 Venientes
1762 3478 2043 3543 tandem
2106 3478 2195 3543 ad
2256 3476 2767 3560 imperatorem,

871 3574 991 3655 qui
1052 3594 1209 3640 cum
1266 3576 1733 3660 quadraginta
1793 3578 2097 3642 millibus
2157 3577 2589 3654 Latinorum,
2640 3596 2760 3640 ex-

869 3676 1088 3757 ceptis
1133 3677 1350 3760 copiis
1397 3697 1572 3761 quas
1622 3698 1713 3742 ex
1757 3679 2157 3744 nationibus
2212 3677 2553 3742 universis
2599 3696 2764 3741 con·

866 3781 1204 3856 traxerat,
1250 3777 1700 3844 Antiochiam
1746 3780 2192 3863 proficiscens
2234 3779 2491 3843 nostris
2536 3775 2760 3841 subsi-

862 3874 1051 3939 dium
1092 3879 1498 3956 collaturuS,
1543 3878 1646 3943 illi
1690 3879 2170 3945 dissuaserunt
2213 3899 2302 3942 ne
2335 3877 2763 3961 procederet,

933 4124 1149 4193 ¹Alii.]
1195 4129 1212 4157 ⁴
1237 4128 1345 4177 Alii
1377 4130 1543 4191 multi,
1579 4144 1789 4191 quorum
1838 4133 1957 4178 sunt
1991 4125 2294 4180 inserenda?
2359 4098 2502 4180 will.
2549 4132 2672 4193 Tyr.
2708 4146 2759 4195 p.

859 4197 1062 4247 nomina
1073 4214 1172 4247 non
1185 4202 1412 4247 tenemus
1429 4214 1444 4260 ;
1468 4200 1610 4262 quia,
1623 4199 1792 4249 deleta
1839 4204 1955 4250 715.
1995 4217 2007 4225 “

858 4268 923 4316 de
944 4268 1073 4317 libro
1096 4270 1236 4330 vitae,
1257 4270 1495 4331 praesenti
1517 4270 1658 4329 operi
1691 4284 1791 4319 non
