3108 5059
791 503 924 568 324
1303 517 1448 564 noc
1459 517 1579 565 mu
1630 517 1725 564 ns
1770 517 2186 566 wnNnovnn

798 750 1026 814 Litorae
1055 749 1415 814 Alea-andri
1431 770 1624 836 papae
1650 748 1743 813 ad
1764 745 2169 825 Gilebertum,
2200 746 2687 812 Londoniemem

1568 849 1936 935 episcopm.

476 996 588 1037 Aa).
611 997 724 1035 1168.
940 973 1202 1038 Eodem
1283 981 1592 1056 tempore
1661 973 1979 1038 dominus
2045 990 2231 1055 papa
2308 968 2711 1035 Alexander

478 1048 706 1137 ξ’ῗῖἷὲἱὶοι
805 1075 1082 1157 scripsit
1118 1073 1502 1152 Gileberto,
1535 1073 2004 1139 Londoniensi
2038 1073 2391 1156 episcopo,
2424 1089 2553 1153 pro
2588 1088 2711 1132 ne·

480 1149 563 1188 ⁸¹¹⁶
582 1148 740 1186 ‘'nm‘'
805 1175 999 1257 gotio
1035 1173 1553 1239 cantuariensis
1597 1173 1928 1251 ecclesiae,
1959 1173 2031 1236 in
2075 1171 2225 1236 haec
2261 1172 2513 1248 verba3
2561 1162 2616 1202 ¹‘
2638 1167 2706 1231 A

481 1296 726 1336 mamae:
809 1275 1138 1339 memoria
1195 1282 1318 1339 tua
1385 1294 1520 1338 uon
1588 1273 1929 1337 credimus
1982 1271 2349 1348 excidisse,
2407 1269 2713 1353 qualiter

483 1346 691 1442 gffgffiffd
712 1349 758 1385 ω
809 1375 1205 1438 carissimus
1250 1374 1322 1436 in
1376 1372 1656 1437 Christo
1704 1373 1887 1436 filius
1921 1378 2153 1437 vester
2200 1369 2576 1445 Henricus,
2620 1367 2707 1431 il-

484 1445 698 1537 '3333‘
809 1472 1048 1536 lustris
1093 1492 1218 1537 rex
1263 1472 1680 1554 Anglorum,
1724 1472 1947 1536 multa
1992 1492 2036 1536 a
2088 1472 2287 1537 nobis
2334 1469 2497 1535 olim
2552 1487 2712 1551 pre-

810 1592 963 1636 cum
995 1572 1331 1637 instantia
1362 1573 1750 1657 requisivit,
1795 1579 1875 1636 ut
1919 1572 2009 1635 ab
2059 1569 2555 1636 Herefordensi
2599 1587 2715 1632 ec-

811 1671 1042 1751 clesia,
1083 1673 1195 1736 cui
1239 1673 1759 1754 praeeminebas,
1794 1672 1881 1735 de
1920 1679 1991 1736 te
2035 1672 2110 1735 in
2157 1670 2711 1735 Loudoniensem

813 1771 1174 1836 ecclesiam
1207 1772 1731 1836 translationem
1763 1771 1911 1836 fieri
1942 1778 2357 1854 pateremur.
2456 1769 2555 1833 Ut
2588 1787 2713 1831 au-

814 1878 954 1936 tem
1019 1891 1167 1936 suae
1227 1871 1545 1954 petitioni
1605 1879 1919 1937 nostrum
1971 1890 2180 1954 super
2228 1869 2360 1935 hoc
2402 1869 2715 1951 imperti-

813 1991 1044 2035 remur
1089 1991 1472 2049 assensum,
1517 1972 2000 2036 necessitatem
2029 1970 2497 2035 imminentem
2526 1969 2718 2051 pari-

816 2077 923 2134 ter
950 2079 1021 2137 et
1056 2072 1428 2136 utilitatem
1473 2072 1930 2155 proponebat,
1970 2089 2285 2135 asserens
2330 2069 2513 2153 quod
2544 2067 2719 2132 civi-

816 2178 928 2235 tas
974 2171 1096 2235 illa
1147 2173 1348 2253 quasi
1397 2172 1593 2253 regia
1635 2173 1833 2236 sedes
1883 2172 2256 2249 existeret3
2302 2176 2397 2248 et,
2432 2169 2598 2251 quia
2644 2175 2719 2232 et

816 2270 1170 2352 religionis
1234 2278 1305 2334 et
1366 2270 1801 2336 discretionis
1858 2271 2119 2335 virtute
2173 2269 2503 2334 crederet
2534 2287 2719 2351 prae-

819 2370 1449 2447 eminere,·consilio
1469 2378 1593 2435 tuo
1615 2390 1823 2454 super
1852 2370 1985 2448 his,
2019 2390 2177 2452 quae
2204 2369 2417 2434 saluti
2449 2368 2720 2431 anima-

815 2490 971 2535 rum
1030 2469 1436 2555 expedirent
1480 2477 1552 2536 et
1592 2470 1683 2536 ad
1720 2471 1923 2554 regni
1968 2477 2419 2553 augmentum
2462 2467 2727 2552 pariter

817 2578 892 2635 e't
927 2577 932 2583 ’
966 2572 1564 2636 conservationem
1632 2579 2055 2654 spectarent,
2112 2569 2587 2653 temporaliter
2647 2574 2721 2631 et

818 2671 1271 2754 spiritualiter
1297 2672 1402 2735 uti
1430 2671 1731 2749 volebat,
1764 2681 1835 2735 et
1870 2671 2025 2735 ideo
2061 2670 2283 2753 magis
2324 2669 2718 2752 proximum

820 2776 890 2833 te
919 2770 1354 2836 desiderabat
1381 2770 1669 2835 habere.
1775 2770 1981 2835 Unde
2026 2770 2463 2835 attendentes
2508 2787 2723 2851 quam

817 2869 1082 2934 utiliter
1144 2871 1511 2953 prudentia
1562 2879 1633 2937 et
1679 2870 1924 2954 religio
1970 2877 2095 2934 tua
2144 2870 2355 2935 saluti
2389 2867 2720 2954 ,ejusdem

819 2969 1015 3050 regni
1058 2976 1129 3033 et
1183 2970 1366 3052 regis
1408 2978 1647 3053 posset
1689 2971 2069 3047 consulere,
2104 2977 2202 3048 et,
2244 2977 2506 3053 quanta
2557 2968 2721 3031 iude

819 3068 1052 3132 valeat
1105 3070 1557 3134 commoditas
1604 3071 1992 3153 provenire,
2033 3070 2326 3135 libenter
2374 3069 2519 3133 suis
2562 3088 2721 3151 pre-

820 3168 1014 3231 cibus
1075 3168 1549 3250 adquievimus
1617 3176 1689 3234 et
1751 3177 1823 3234 te
1882 3170 2347 3234 concessimus
2409 3170 2483 3232 in
2536 3168 2729 3232 Lon-

822 3267 1133 3332 doniensi
1197 3267 1489 3352 ecclesia
1552 3270 1985 3351 promoveri3
2047 3269 2233 3332 >unde
2286 3275 2550 3352 quanto
2605 3269 2725 3331 be-

821 3368 1101 3448 nignius
1149 3367 1302 3452 ejus
1353 3368 1858 3450 beneplacitum
1915 3376 1987 3433 et
2039 3369 2469 3433 voluntatem
2533 3387 2722 3432 com-

821 3466 1163 3548 plevimus
1217 3474 1288 3531 et
1339 3473 1477 3531 tuae
1525 3469 1789 3550 pariter
1836 3469 2246 3533 exaltationi
2301 3467 2722 3531 intendimus

821 3573 893 3630 et
927 3565 1201 3642 honori,
1250 3574 1450 3631 tanto
1489 3568 1801 3649 probitas
1844 3575 1969 3632 tua
2003 3569 2189 3632 circa
2226 3568 2723 3631 incrementum

821 3672 889 3729 et
923 3668 1519 3731 conservationem
1562 3668 1874 3732 ecclesiae
1916 3669 2213 3750 amplius
2241 3667 2524 3731 deberet
2554 3668 2723 3731 eniti

819 3773 890 3830 et
917 3766 1254 3830 attentius
1291 3766 1474 3830 circa
1503 3766 1637 3831 hoc
1669 3767 2011 3845 laborare,
2042 3774 2121 3832 ut
2160 3767 2482 3845 fructum,
2516 3786 2722 3849 quem

817 3865 996 3928 idem
1025 3886 1148 3930 rex
1185 3866 1384 3930 nobis
1413 3868 1795 3949 proposuit,
1829 3873 1899 3930 et
1936 3861 2067 3932 nos¹
2106 3885 2491 3949 speramuS,
2524 3867 2724 3931 exhi-

818 3963 1078 4029 bitione
1122 3964 1350 4047 operis
1394 3972 1466 4029 et
1506 3964 1660 4047 ipsa
1700 3986 1926 4030 rerum
1962 3967 2395 4050 experientia
2429 3986 2728 4049 cognos-

819 4080 1078 4125 camus.
1185 4062 1553 4141 Quomodo
1586 4072 1815 4130 autem
1845 4086 1973 4131 rex
2008 4066 2381 4150 praedictus
2420 4085 2465 4130 a
2512 4067 2725 4131 devo-

889 4242 906 4274 ¹
920 4243 969 4294 A
1017 4247 1244 4296 memoria
1286 4248 1432 4310 tum]
1501 4248 1750 4311 Compare
1798 4250 1888 4299 vii.
1909 4250 2080 4300 where
2113 4251 2155 4299 it
2186 4252 2231 4300 is
2262 4249 2417 4300 dated
2453 4251 2731 4314 clermont,

827 4316 1094 4377 Hoveden,
1116 4332 1169 4379 p.
1193 4321 1313 4380 501,
1329 4318 1454 4366 with
1490 4318 1580 4368 lib.
1605 4320 1641 4368 i.
1666 4334 1749 4381 ep.
1803 4320 1920 4368 loth
1944 4320 2089 4382 July.
