3108 5059
868 490 1003 554 436
1370 504 1642 555 nocam
1693 506 1786 553 nn
1830 505 2250 556 wssNnovnn

551 677 662 719 A-D·
684 677 798 717 1¹⁸⁹·
874 668 1113 727 tanum
1173 661 1648 745 impediretur,
1709 663 1782 726 in
1835 682 1994 728 eum
2041 670 2376 746 tanquam
2422 663 2496 727 in
2542 663 2786 729 Domi-

872 762 1047 833 nicae
1088 761 1315 827 crucis
1364 769 1436 827 et
1483 763 1703 828 totius
1751 761 2170 827 Christianae
2223 762 2578 844 religionis
2623 764 2790 829 sub-

872 879 1221 930 versorem
1255 862 1674 928 auctoritate
1702 861 1961 925 domini
1995 880 2200 945 papae
2221 863 2638 931 sententiam
2657 882 2786 925 ex-

875 960 1521 1030 communicationis
1569 960 2092 1043 promulgarent
2123 980 2143 1040 ;
2213 962 2588 1043 statimque
2631 980 2785 1025 car·

875 1058 1134 1123 dinalis
1186 1060 1602 1125 sententiam
1648 1059 1814 1124 tulit
1859 1060 1934 1123 in
1985 1079 2248 1137 omneS,
2297 1067 2444 1124 tam
2495 1060 2784 1125 clericos

878 1174 1087 1241 quam
1112 1159 1354 1237 laicoS,
1386 1178 1511 1241 per
1536 1178 1714 1241 quos
1743 1166 1966 1223 staret
1987 1178 2129 1242 quo
2158 1160 2386 1224 minus
2420 1178 2563 1242 pax
2588 1159 2783 1224 fieret

876 1257 1059 1323 inter
1094 1278 1321 1341 reges,
1354 1258 1570 1324 salvis
1604 1258 2087 1323 tantummodo
2125 1258 2498 1326 eorundem
2541 1278 2784 1342 regum

879 1376 1213 1440 persoms.

914 1532 1203 1619 Epistoh
1218 1532 1361 1617 filii
1386 1532 1766 1599 marchionis
1793 1532 1869 1601 de
1891 1534 2272 1621 oppressione
2300 1542 2477 1599 terrae
2507 1541 2750 1597 sancta.

562 1682 707 1721 mm
718 1680 767 1719 οι
986 1662 1007 1693 ‘
1028 1651 1549 1727 Cantuariensi¹
1583 1658 2105 1741 archiepiscopo
2139 1657 2568 1734 Baldewino,
2601 1655 2786 1721 Con-

561 1732 727 1819 ffifff
886 1756 1126 1836 radus,
1162 1756 1351 1821 filius
1400 1756 1822 1829 marchionis
1871 1758 1960 1822 de
2000 1757 2631 1833 Monte-Ferrario,
2669 1774 2785 1819 sa-

560 1828 1128 1928 11fr'}2‘1{i²‚i.²t⁴.’‹}1¹›'‹‘}rlutem.
1242 1855 1646 1923 Tui-bantur
1699 1857 2042 1923 elementa
2095 1864 2169 1921 et
2221 1855 2580 1922 catholicae
2630 1854 2788 1919 fidei

562 1930 838 1981 ⁰⁸⁰²⁸¹”⁰“‘
888 1956 1287 2038 derogatur,
1331 1975 1489 2020 cum
1532 1956 1732 2021 sedes
1774 1956 2416 2039 Hierosolymitana
2455 1954 2787 2037 apostoli-

887 2074 989 2120 cae
1046 2054 1193 2122 sedi
1243 2054 1697 2121 subtrahitur.
1801 2054 2022 2119 Periit
2063 2056 2244 2119 enim
2297 2054 2788 2137 Hierosolyma

888 2162 963 2219 et
1024 2153 1276 2223 inertia
1330 2153 1884 2219 Christianorum
1934 2174 1979 2219 a
2037 2154 2402 2219 Saracenis
2455 2152 2788 2220 vilissime

886 2260 1397 2337 pertractatum
1466 2252 1738 2321 foedant
1801 2272 2104 2336 namque
2163 2252 2608 2323 Dominicum
2680 2272 2787 2317 see

888 2350 1279 2435 pulchrum,
1338 2351 1709 2419 destruunt
1767 2352 2114 2423 calvariae
2157 2351 2411 2430 locum,
2459 2352 2790 2420 nativita-

888 2458 1029 2515 tem
1072 2450 1333 2515 Christi
1368 2458 1840 2531 contemnunt,
1867 2458 1940 2520 et
1968 2454 2192 2517 beatae
2220 2451 2512 2535 virginis
2539 2450 2788 2523 Μαι-ἰεῦ

888 2551 1243 2617 eradicant
1294 2545 1818 2635 ²sepulchrum3
1893 2553 2090 2618 sedes
2147 2551 2787 2635 Constantinopoli-.-

890 2661 1061 2718 tana
1087 2651 1427 2716 Romanae
1472 2652 1622 2716 sedi
1667 2651 1928 2718 nullam
1967 2652 2252 2726 exhibet
2283 2651 2740 2721 reverentiam
2770 2672 2787 2731 ;

888 2749 1331 2831 Antiochena
1378 2751 1652 2832 quidem
1704 2750 2022 2816 laborare
2075 2751 2505 2833 dignoscitur
2549 2751 2622 2816 in
2673 2771 2790 2823 ex-

891 2851 1155 2920 tremis.
1260 2849 1441 2942 Haec
1485 2858 1719 2922 autem
1763 2851 1997 2922 omnia
2031 2850 2584 2924 Christianorum
2629 2869 2789 2921 nos·

888 2956 1144 3012 cuntur
1205 2949 1469 3014 desidia
1500 2950 1918 3032 contigisse.
2021 2950 2362 3033 Lugenda
2409 2957 2516 3014 est
2560 2958 2791 3015 autem

884 3047 1141 3112 civitas
1212 3048 1656 3114 Hierusalem
1723 3057 1970 3114 sancta
2043 3057 2256 3133 atque
2323 3049 2791 3126 lamentanda,

889 3166 1052 3229 quae
1110 3149 1257 3214 suis
1308 3148 1690 3217 cultoribus
1753 3149 2077 3232 spoliata,
2128 3149 2248 3222 ubi
2291 3148 2612 3214 Christus
2672 3169 2794 3232 per

886 3247 1100 3318 horas
1165 3246 1301 3312 diei
1358 3263 1441 3312 ac
1497 3248 1724 3312 noctis
1795 3248 2212 3316 constitutas
2259 3248 2792 3330 deprecabatur,

891 3365 1078 3415 nunc
1126 3345 1489 3412 Mahumet
1532 3347 1815 3415 excelsa
1864 3367 2034 3415 voce
2085 3346 2436 3413 laudatur.
2516 3347 2792 3438 Vestrae

887 3445 1109 3526 igitur
1154 3445 1547 3512 eelsitudini
1602 3466 1838 3528 preces
1888 3466 2046 3512 cum
2085 3446 2462 3530 lachrymis
2513 3448 2794 3529 porrigo

890 3544 1110 3622 fusam,
1138 3551 1481 3627 quatenus
1522 3546 1998 3610 calamitatum
2033 3553 2236 3610 terrae
2281 3554 2544 3611 sanctae
2588 3547 2793 3620 mise-

886 3644 1029 3716 reri
1080 3643 1482 3726 dignemini,
1536 3651 1619 3711 ut
1673 3645 2080 3712 confortetis
2130 3663 2356 3727 reges,
2408 3665 2796 3710 commone-

892 3745 1033 3816 atis
1089 3744 1350 3822 fideles,
1416 3750 1519 3820 ut,
1588 3745 1872 3810 canibus
1921 3744 2236 3828 expulsis
2286 3763 2330 3808 a
2378 3745 2794 3828 patrimonio

888 3842 941 3907 J
948 3861 1069 3907 esu
1118 3843 1403 3922 Christi,
1448 3844 1982 3917 misericorditer
2031 3844 2473 3921 subveniant,
2521 3844 2796 3911 vincula

896 3931 1197 4023 solvant,
1232 3952 1310 4009 ut
1356 3951 1540 4009 terra
1584 3943 1844 4008 sanctis
1887 3943 2176 4027 pedibus
2225 3943 2612 4008 Salvatoris
2653 3944 2795 4008 cal·

967 4205 1393 4274 ¹Cantuariensi.]
1443 4211 1692 4275 Compare
1727 4212 1818 4260 Di·
1945 4208 1966 4238 ²
1981 4205 2350 4280 Sepulchrum]
2385 4212 2402 4239 ‘
2420 4210 2484 4260 de
2518 4212 2650 4262 valle
2683 4213 2799 4262 Jos-

879 4279 1023 4342 ceto,
1045 4279 1141 4328 col.
1166 4283 1282 4330 642.
1877 4282 2034 4342 aphat
2048 4281 2084 4343 3’
2115 4282 2317 4331 niceto.
