3108 5059
937 459 1214 508 nolens
1261 461 1804 513 ffls‘ronmnuu.
2168 451 2303 534 359

391 634 545 680 mus
589 615 960 682 vindicare.
1067 616 1426 686 Noveritis
1461 619 1701 704 itaque
1741 641 1866 687 vos
1906 625 2171 689 tamdiu
2205 628 2293 691 ab
2321 644 2431 690 Aun-
2452 646 2563 690 uro.

391 716 768 798 episcopali
805 716 1029 785 officio
1073 720 1440 786 commissa
1479 722 1678 788 nobis
1717 742 1761 787 a
1802 723 1956 791 Deo
1994 727 2295 791 auctori-

391 821 536 879 tate
581 836 980 901 suspensos»,
1028 818 1246 883 donec
1290 819 1378 884 ad
1423 821 1655 886 sedem
1710 825 2163 905 apostolicam
2206 828 2292 892 de

389 922 588 979 tanto
623 936 916 982 excessu
959 917 1384 983 satisfacturi
1427 921 1797 999 accedatis,
1834 923 1967 987 nisi
1998 927 2291 1008 praefato

387 1015 903 1100 archiepiscopo
946 1015 1048 1081 ita
1097 1018 1496 1085 satisfacere
1541 1023 1974 1103 curaveritis,
2018 1033 2098 1091 ut
2140 1047 2290 1112 poe·

389 1134 550 1181 nam
583 1116 792 1180 istam
821 1118 972 1200 ipse
1000 1117 1270 1202 judicet
1296 1119 1794 1186 relaxandam?

397 1265 404 1273 ⁸
481 1289 663 1372 Quod
687 1291 967 1380 ministri
1000 1293 1160 1380 reqis
1191 1291 1360 1360 beato
1395 1294 1637 1360 Thomae
1650 1304 2097 1386 praeceperunt,
2124 1304 2197 1362 ‘ut

717 1392 1016 1482 episcopos
1043 1394 1584 1462 excommunicatos
1609 1394 1955 1464 absolveret.

487 1515 874 1599 Postquam
903 1525 1136 1582 autem
1170 1519 1502 1598 Thomas,
1531 1521 1947 1586 venerabilis
1978 1519 2286 1588 Cantua-
2312 1539 2539 1628 igorqered
2558 1543 2612 1591 by

383 1616 632 1682 riensis
676 1617 1260 1700 archiepiscopus,
1305 1619 1395 1684 ad
1439 1620 1803 1686 ecclesiam
1850 1640 2047 1686 suam
2092 1615 2285 1686 ¹cum
2309 1591 2569 1729 Ξὲἓοῗῦἓεω

385 1735 643 1798 magna
689 1716 854 1782 cleri
901 1724 973 1782 et
1018 1718 1256 1801 populi
1301 1719 1667 1784 devotione
1708 1727 2075 1802 susceptus
2125 1741 2281 1803 per-
2360 1701 2443 1730 ’ω’

387 1816 603 1894 venit,
629 1817 821 1881 illum
859 1817 1364 1883 incontinenter
1384 1820 1704 1885 adierunt
1727 1819 1911 1902 regis
1936 1819 2288 1898 officialeS,

386 1915 878 1981 denuntiantes
915 1937 1006 1982 ex
1045 1924 1244 2000 parte
1282 1919 1501 2001 ipsius
1543 1921 1753 2002 regiS‚
1793 1927 1871 1984 ut
1908 1940 2286 2004 suspensos

385 2017 747 2099 episcopos
813 2024 886 2082 et
949 2019 1585 2084 excommunicatos
1644 2020 2059 2098 absolveret,
2122 2021 2289 2104 quia

387 2115 714 2199 quicquid
775 2124 1022 2182 contra
1076 2137 1196 2182 eos
1246 2117 1507 2184 factum
1558 2119 1807 2198 fuerat,
1856 2127 1936 2185 ut
1980 2119 2286 2199 aiebant,

388 2215 460 2278 in
496 2216 682 2300 regis
719 2216 1148 2282 redundabat
1186 2217 1508 2301 injuriam
1549 2227 1623 2284 et
1660 2221 2084 2286 eversionem
2119 2241 2285 2286 con-

387 2316 828 2382 suetudinum
867 2318 1110 2399 regni3
1157 2319 1408 2399 quibus
1438 2319 1797 2402 respondit
1824 2321 2285 2405 archiepisco-

386 2435 544 2499 puS,
577 2417 763 2499 quod
797 2417 1103 2500 episcopi
1135 2420 1739 2498 excommunicati,
1772 2419 1833 2483 si
1864 2421 2104 2504 jurare
2138 2421 2285 2486 vel·

389 2517 536 2585 lent
575 2517 650 2581 in
693 2516 916 2582 forma
951 2518 1261 2583 ecclesiae
1303 2539 1382 2583 se
1419 2519 1751 2585 mandato
1782 2520 2041 2587 domini
2083 2540 2285 2603 papae

383 2618 756 2701 parituros,
807 2618 956 2701 ipse
1005 2638 1130 2701 pro
1178 2638 1352 2701 pace
1405 2621 1719 2685 ecclesiae
1770 2627 1841 2685 et
1894 2620 2285 2686 reverentia

385 2716 646 2783 domini
687 2718 873 2800 regis
920 2738 1039 2783 eos
1093 2720 1528 2799 absolveret3
1576 2720 1763 2803 quod
1814 2739 1969 2784 cum
2019 2721 2284 2803 episco-

383 2818 492 2901 pis
537 2816 931 2895 referretur,
961 2820 1486 2902 responderunt,
1520 2820 1993 2903 juramentum
2037 2820 2283 2903 hujus·

383 2917 596 2997 modi,
633 2918 767 2981 nisi
795 2938 886 2982 ex
917 2918 1278 2984 voluntate
1307 2920 1516 3001 regiS,
1551 2939 1628 2985 se
1660 2940 1799 2985 non
1833 2921 2080 2987 debere
2108 2940 2287 3006 prae-

384 3024 594 3083 stare.
698 3018 793 3081 Et
826 3038 984 3083 cum
1016 3019 1226 3101 paulo
1261 3028 1420 3103 post
1454 3019 2013 3103 archiepiscopus
2049 3020 2287 3085 tende-
2326 3048 2331 3052 ’

384 3124 492 3185 ret
519 3118 609 3183 ad
631 3118 999 3183 videndum
1027 3118 1274 3184 faciem
1303 3120 1468 3183 novi
1494 3120 1704 3201 regiS,
1734 3120 1853 3201 qui
1877 3127 2043 3185 tunc
2063 3113 2286 3202 ²apud

383 3217 861 3283 Woodstocke
891 3220 1314 3297 morabatur,
1343 3229 1685 3283 venerunt
1716 3219 1807 3282 ad
1840 3239 1997 3282 eum
2026 3212 2286 3281 8nuntii

383 3317 606 3401 ipsius
641 3318 826 3400 regis
869 3318 1358 3383 interdicentes
1391 3339 1481 3383 ex
1521 3326 1719 3401 parte
1762 3318 1939 3402 ejus,
1982 3338 2069 3382 ne
2101 3318 2287 3386 ultra

454 3492 473 3525 ¹
495 3496 621 3544 Cum
643 3510 822 3557 magna
836 3494 953 3545 cleri
974 3499 1023 3544 et
1039 3495 1208 3559 populi
1227 3497 1310 3544 de·
1359 3496 1532 3545 dictus
1556 3498 1645 3559 qui
1661 3495 1868 3559 venitin
1889 3497 2087 3544 nomine
2109 3494 2290 3544 Domi-

384 3566 574 3614 votione
605 3565 894 3629 susceptum]
915 3566 1024 3614 The
1047 3566 1309 3627 following
1359 3567 1452 3617 ni!
1499 3567 1798 3617 Sacerdotes
1820 3567 1973 3615 etiam
1994 3565 2286 3627 parochiani

385 3640 606 3685 account
631 3634 690 3683 of
703 3635 786 3683 his
819 3640 964 3695 entry
979 3636 1084 3684 into
1101 3636 1309 3685 Canter—
1360 3652 1476 3685 cum
1527 3636 1851 3699 parochianis
1894 3637 2023 3698 suis,
2054 3635 2287 3685 ordinata

387 3707 520 3767 bury
541 3706 588 3757 is
619 3706 775 3755 taken
806 3704 934 3754 from
967 3706 1052 3754 the
1087 3705 1312 3758 Quadri·
1361 3707 1700 3768 processione,
1720 3720 1839 3754 cum
1860 3706 2097 3754 crucibus
2120 3710 2282 3752 trans·

386 3776 536 3838 logus
549 3791 567 3837 ;
594 3778 612 3801 ⁶
627 3775 966 3836 Quacumque
987 3776 1122 3825 enim
1145 3780 1309 3825 trans-
1361 3776 1502 3825 eunti
1521 3777 1722 3824 obviam
1746 3774 1977 3823 exierunt
1994 3768 2025 3833 ;’
2048 3790 2101 3835 p.
2126 3776 2240 3822 113.
2272 3809 2278 3814 -

389 3846 499 3895 ibat
554 3846 716 3894 turbae
761 3860 1064 3908 pauperum,
1108 3846 1312 3907 parvuli
1433 3843 1453 3873 ²
1473 3844 1621 3909 Apud
1652 3843 2007 3907 Woodstocked
2043 3843 2287 3891 Fica-Ste-

387 3921 442 3965 et
471 3916 662 3979 magni,
695 3928 842 3965 senes
873 3930 992 3963 cum
1023 3916 1312 3977 junioribus
1363 3915 1498 3979 phen
1537 3930 1659 3978 says
1690 3914 1800 3963 that
1832 3915 1917 3963 the
1955 3928 2128 3976 young
2160 3913 2288 3974 king

381 3985 701 4048 glomeratim
723 3988 1072 4047 occurrebant,
1089 3986 1179 4035 alii
1201 4000 1314 4047 pro-
1364 4000 1473 4035 was
1517 3986 1638 4035 then
1682 3988 1738 4034 at
1776 3984 2110 4033 winchester.
2176 3983 2288 4031 The

387 4060 666 4106 sternentes
689 4070 744 4105 se
765 4056 936 4118 invia,
950 4056 1041 4105 alii
1059 4070 1175 4105 vero
1191 4070 1314 4103 exu-
1365 4061 1474 4105 text
1494 4055 1693 4105 follows
1716 4053 1920 4117 Diceto‚
1940 4056 2040 4105 col.
2063 4058 2179 4103 554.

385 4132 530 4177 entes
560 4128 861 4177 vestimenta
893 4138 988 4175 sua
1021 4130 1073 4175 et
1099 4130 1314 4188 proster-
1437 4124 1458 4155 ⁸
1481 4126 1683 4175 Nuntii.
1706 4124 1729 4188 ]
1772 4125 2064 4187 According
2095 4129 2147 4173 to
2183 4124 2293 4173 Ho-

391 4202 565 4247 nentes
587 4212 678 4259 per
699 4198 852 4256 viam,
877 4195 1006 4244 illud
1030 4196 1317 4257 frequenter
1367 4196 1546 4259 reden,
1568 4196 1818 4260 Joscelin,
1836 4196 1923 4246 the
1950 4195 2159 4259 queen's
2180 4195 2294 4243 bro-

390 4267 628 4317 iterautes
643 4272 696 4317 et
711 4266 1102 4328 conclamantes,
1117 4267 1132 4294 ‘
1153 4267 1316 4315 Bene·
1366 4266 1494 4331 ther,
1517 4282 1569 4329 p.
1594 4271 1708 4317 521.
