3108 5059
829 483 962 548 102
1337 495 1609 546 nocam
1656 495 1751 546 ns
1796 495 2217 546 wsunovnn

508 676 620 718 An.
638 677 754 718 102³.
831 675 952 724 eos
1015 651 1136 741 qui
1202 675 1422 740 nuper
1479 653 1907 723 advenerant
1964 673 2175 739 quam
2237 653 2412 722 alios
2474 651 2597 736 qui
2648 651 2735 718 ud

506 727 684 778 mum
699 727 750 767 ol

501 777 808 820 tucn-au.
831 777 1023 824 mure
1066 756 1589 834 descenderant,
1632 757 1763 822 sub
1804 754 2005 822 salvo
2040 754 2129 822 ud
2174 760 2406 822 cestra
2453 752 2741 820 reduce·

833 865 1007 924 rent.
1113 857 1498 924 Audientes
1547 863 1785 923 autem
1833 855 2281 933 Antiocheni,
2318 854 2507 939 quod
2562 873 2744 938 prae-

835 959 1004 1026 dicti
1030 958 1376 1042 principes
1415 957 1504 1024 ad
1533 975 1723 1024 mere
1760 955 2283 1034 descenderant,
2314 955 2545 1022 missis
2574 973 2749 1039 que-

837 1067 1000 1128 tuor
1040 1057 1344 1126 millibus
1387 1057 1875 1142 expeditorum
1916 1056 2241 1136 militum,
2282 1055 2425 1123 illis
2468 1056 2747 1122 obviam

837 1165 1348 1244 processerunt,
1389 1165 1472 1226 ut
1512 1164 1844 1242 parantes
1888 1156 2277 1244 peregrinis
2302 1155 2591 1224 insidias
2626 1175 2749 1222 eos

837 1259 1225 1328 interficere
1265 1257 1711 1339 laborarent3
1768 1258 2032 1326 factum
2094 1264 2205 1324 est
2264 1265 2521 1336 sutem,
2586 1275 2747 1322 cum

840 1359 1068 1445 plebei
1125 1358 1473 1444 peregrini
1556 1378 1715 1426 cum
1784 1359 2207 1428 victualibus
2274 1365 2347 1424 et
2409 1356 2751 1442 jumentis

843 1460 1114 1528 onustis
1143 1460 1442 1526 inermes
1477 1460 1784 1528 redirent
1826 1460 1917 1526 ud
1944 1465 2209 1536 castra,
2252 1457 2468 1524 Tui-ci
2510 1459 2602 1525 ab
2645 1458 2750 1524 iu-

843 1561 1040 1628 sidiis
1086 1567 1526 1645 erumpentes
1580 1561 1656 1626 in
1699 1561 1893 1644 ipsos
1938 1579 2080 1627 non
2132 1559 2444 1642 segniter
2482 1559 2751 1642 irrupe-

843 1668 1053 1744 runt3
1119 1668 1362 1728 contra
1424 1680 1603 1744 quos
1662 1679 1819 1728 cum
1886 1659 2233 1744 principes
2292 1658 2567 1742 praefati
2632 1659 2751 1724 diu

844 1764 1342 1840 decertassent,
1407 1761 1725 1828 videntes
1800 1761 2083 1828 tandem
2151 1760 2485 1844 imparem
2548 1759 2753 1824 nimis

846 1863 1244 1930 conflictum
1292 1869 1536 1929 contra
1600 1868 1871 1928 tantam
1922 1860 2309 1927 Turcorum
2374 1859 2756 1926 multitudi-

846 1983 1032 2043 nem,
1060 1983 1218 2030 cum
1247 1962 1387 2029 illis
1417 1962 1539 2047 qui
1569 1981 1691 2027 eos
1730 1961 1929 2046 sequi
1970 1968 2297 2046 poterant
2332 1961 2755 2037 recedentes,

848 2065 936 2132 ud
975 2071 1210 2132 castra
1263 2063 1350 2129 de
1392 2062 1548 2130 loco
1598 2062 1997 2130 certaminis
2048 2060 2441 2141 redierunt3
2491 2060 2755 2128 cecide-

848 2172 1014 2230 runt
1061 2171 1291 2230 autem
1341 2161 1436 2226 ibi
1488 2182 1579 2228 ex
1639 2163 2063 2247 pauperibus
2111 2162 2495 2246 peregrinis
2554 2160 2755 2246 quasi

850 2264 1142 2330 trecenti
1169 2261 1544 2348 promiscui
1571 2281 1782 2328 sexus
1812 2270 1883 2328 et
1913 2261 2169 2329 aetatis.

950 2441 1053 2510 Do
1077 2449 1282 2527 straqo
1321 2439 1664 2506 Parem-mn
1686 2440 2063 2528 gravissima
2095 2449 2153 2506 et
2168 2439 2395 2528 praelio
2420 2449 2666 2508 eatam

1643 2542 1955 2609 inaudito.

951 2665 1172 2733 Venit
1201 2668 1474 2735 interea
1501 2687 1741 2735 rumor
1768 2667 1841 2733 in
1870 2675 2127 2747 castra,
2166 2667 2353 2751 quod
2389 2667 2761 2752 peregrini,

715 2765 726 2775 '
851 2767 971 2852 qui
1004 2766 1090 2832 de
1124 2769 1298 2835 muri
1335 2769 1787 2847 advenerant,
1828 2768 2137 2835 hostium
2178 2767 2251 2833 in
2296 2768 2413 2834 via
2448 2769 2761 2852 perpessi

850 2868 1139 2935 insidias
1173 2888 1410 2935 omnes
1441 2869 1805 2952 repentino
1836 2869 2099 2952 impetu
2128 2869 2595 2949 corruissent3
2636 2868 2759 2935 sed

851 2970 1016 3036 dum
1065 2968 1216 3035 haec
1271 2970 1454 3035 inter
1505 2988 1587 3035 se
1643 2970 1987 3053 principos
2048 2969 2253 3035 nimis
2312 2968 2761 3037 condolentes

851 3070 1308 3149 ruminarent,
1355 3088 1514 3135 ecce
1560 3070 2011 3135 Boamnndus
2060 3077 2137 3138 et
2182 3077 2345 3154 post
2398 3068 2761 3153 paululum

854 3190 1086 3237 comes
1119 3171 1561 3237 Tholosunus
1594 3170 1684 3235 ad
1718 3178 1951 3237 castra
1986 3178 2457 3249 revertuntur,
2492 3190 2765 3237 casum-

855 3290 991 3355 que
1019 3272 1140 3355 qui
1173 3271 1522 3337 acciderat
1564 3271 1991 3355 principibus
2034 3278 2485 3355 exponentes.
2585 3270 2762 3338 Axi-

856 3390 1034 3437 anus
1085 3371 1346 3454 itaque,
1384 3371 1705 3437 dominns
1740 3370 2073 3449 civitatis,
2109 3391 2541 3455 cognoscens
2576 3372 2761 3456 quod

856 3471 968 3537 sui
997 3471 1298 3537 victores
1331 3479 1559 3550 erant,
1598 3473 1931 3557 praecepit
1967 3480 2211 3555 portas
2244 3473 2441 3537 urbis
2470 3474 2765 3557 aperire,

856 3578 938 3643 ut
965 3571 1154 3639 cives
1183 3580 1609 3639 revertentes
1629 3568 1634 3571 ’
1652 3572 1945 3638 liberum
1985 3572 2319 3639 haberent
2348 3574 2765 3657 ingressum.

859 3672 998 3739 Sed
1044 3672 1394 3758 principes
1441 3673 1686 3751 nostri,
1736 3671 2161 3739 confratrum
2200 3675 2611 3757 sanguinem
2654 3675 2766 3741 ul·

857 3770 1024 3839 cisci
1085 3774 1500 3857 cogitantes,
1556 3773 1645 3838 ad
1706 3792 1901 3839 arma
1948 3773 2430 3853 convolarunt,
2488 3782 2565 3841 et
2623 3776 2769 3841 dis-

859 3874 1106 3958 positis
1153 3875 1433 3939 aciebus
1481 3873 1799 3939 hostibus
1848 3881 2244 3952 occurrunt,
2277 3882 2351 3941 et
2379 3876 2591 3941 solita
2616 3877 2775 3959 glu-

861 3975 995 4040 diis
1043 3974 1517 4040 incumbentes
1577 3975 1977 4041 constantia
2024 3975 2099 4039 in
2143 3974 2413 4041 Turcos
2466 3977 2773 4056 irruunt,

863 4075 1008 4159 qui,
1077 4094 1224 4158 prae
1281 4075 1527 4140 timore
1590 4076 1985 4159 agminibus
2045 4075 2428 4155 dissolutis,
2482 4085 2770 4160 pontem

863 4175 1170 4240 civitatis
1219 4176 1538 4241 certatim
1574 4177 1885 4241 obtinere
1930 4176 2402 4257 contendunt3
2456 4178 2583 4242 sed
2622 4178 2772 4244 dux

867 4275 1340 4361 Lotharingiae
1367 4275 1811 4356 GodefriduS,
1856 4298 2012 4342 cum
2058 4278 2203 4343 suis
2242 4284 2523 4361 pontem
2568 4298 2774 4347 occu-
