3108 5059
465 641 574 680 Aa).
594 640 708 680 11⁶8.

464 693 633 732 Leuter-

466 743 516 781 οἰ
527 741 687 780 Becket

465 793 552 832 and
568 791 723 832 otum.

476 1328 568 1368 The
582 1324 766 1378 buhop'n

475 1389 530 1418 an
594 1388 652 1418 er.

783 447 917 514 326
1308 461 1579 510 nocam
1628 460 1723 508 nn
1768 459 2185 509 wnunovssn

786 638 914 686 nos
961 620 1097 703 ipsi
1143 617 1215 684 id
1270 638 1410 683 non
1463 618 1846 701 poterimus
1904 617 2164 682 diutius
2217 615 2293 680 in
2355 614 2699 698 patientia

788 721 1171 798 sustiner03
1222 737 1350 784 nec
1406 719 1546 782 ista
1602 738 1729 801 pro
1784 717 1987 782 nobis
2044 723 2382 800 quantum
2432 736 2560 798 pro
2610 735 2697 780 eo

789 820 1262 904 proponimus,
1309 818 1512 902 cujus
1554 818 1849 900 gloriam
1888 824 1961 882 et
2002 817 2335 881 honorem
2380 817 2549 882 totis
2594 817 2701 880 af-

790 920 1085 985 fectibus
1118 917 1585 1002 exoptamus!

793 1094 1188 1180 Reaomsptmn
1226 1092 1496 1180 episcopi
1527 1091 1975 1156 Lmuloniemis
2009 1088 2308 1156 Gileberti
2335 1090 2429 1156 ad
2450 1111 2700 1178 papam

1117 1191 1577 1272 Alexandr-mn,
1606 1191 1796 1256 nimie
1810 1199 2385 1278 praemwtmm.

896 1322 919 1353 ‘
945 1311 1390 1382 Mandatum¹
1424 1323 1759 1393 vestrum,
1793 1323 1995 1397 pater
2043 1316 2117 1379 in
2166 1314 2448 1380 Christo
2486 1315 2705 1378 caris-

795 1418 992 1496 sime,
1023 1417 1260 1482 debita
1276 1415 1725 1482 veneratione
1754 1415 2236 1498 suscipientes,
2263 1414 2452 1480 illico
2480 1415 2701 1479 filium

793 1524 1102 1582 vestrum
1144 1517 1577 1582 carissimum
1632 1514 1971 1580 illustrem
2018 1513 2410 1598 Anglorum
2464 1535 2701 1597 regem

797 1617 1164 1696 adivimus,
1227 1623 1321 1694 et,
1392 1616 1503 1701 adj
1511 1622 1722 1680 uncto
1786 1615 1989 1680 nobis
2049 1614 2427 1680 venerabili
2484 1614 2703 1679 fratre

798 1724 1038 1782 nostro
1099 1716 1192 1782 R.
1241 1714 1743 1782 Herefordensi
1802 1713 2157 1798 episcopo,
2218 1714 2435 1798 juxta
2483 1715 2702 1779 vestri

799 1816 1090 1882 sormam
1133 1816 1442 1882 mandati
1474 1815 1845 1898 diligenter
1874 1814 2321 1880 convenimus
2346 1834 2365 1895 3
2411 1815 2525 1879 cni
2556 1815 2703 1878 sin-

799 1916 991 1999 gula,
1008 1935 1168 1999 quae
1197 1917 1449 1984 vestris
1479 1916 1682 1984 nobis
1714 1933 2051 1997 expressa
2078 1921 2242 1982 sunt
2270 1914 2519 1993 literis,
2534 1922 2704 1980 ante

801 2017 1041 2080 oculos
1078 2024 1441 2100 ponenteS,
1477 2016 1708 2099 ipsum
1747 2014 2201 2092 obsecrando,
2236 2022 2331 2093 et,
2362 2022 2704 2098 quantum

802 2115 1066 2198 regiam
1095 2117 1384 2182 decebat
1413 2115 1875 2200 majestatem,
1898 2114 2283 2198 arguendo,
2300 2122 2707 2180 constanter

802 2222 874 2282 et
919 2215 1264 2280 instanter
1311 2215 1575 2282 hortati
1621 2233 1887 2292 sumus,
1928 2220 2009 2278 ut
2056 2213 2188 2279 sibi
2237 2214 2701 2293 satisfaceret,

805 2322 900 2393 et,
922 2315 983 2378 si
1015 2333 1058 2378 a
1088 2315 1379 2381 rationis
1411 2315 1705 2382 tramite,
1722 2313 2152 2391 deviaverat,
2184 2315 2275 2378 ad
2297 2315 2484 2381 viam
2518 2317 2705 2384 veri-

803 2415 970 2479 tatis
1014 2421 1086 2478 et
1123 2415 1422 2500 justitiae
1463 2414 1687 2480 redire
1716 2422 1956 2480 nostra
1996 2433 2122 2496 per
2162 2433 2291 2478 nos
2335 2422 2707 2481 revocatus

803 2513 1272 2580 admonitione
1301 2534 1442 2580 non
1475 2514 1809 2593 tardaret,
1841 2523 1911 2579 et
1944 2521 2026 2579 ut
2064 2534 2111 2578 a
2144 2520 2343 2597 patre
2369 2515 2483 2598 pie
2514 2534 2705 2581 com-

802 2616 1104 2680 monitus
1122 2635 1166 2679 a
1193 2616 1427 2698 pravis
1457 2616 1728 2681 actibus
1759 2615 2047 2680 omnino
2071 2614 2456 2693 desisteret,
2476 2616 2707 2680 Deum

802 2734 977 2797 puro
1021 2716 1228 2780 corde
1255 2714 1598 2799 diligeret,
1635 2723 1929 2782 matrem
1962 2733 2161 2779 suam
2204 2722 2519 2779 sanctam
2560 2714 2711 2780 Ro-

804 2833 1080 2878 manam
1134 2815 1494 2881 ecclesiam
1549 2815 1773 2881 ,solita
1815 2814 2257 2883 veneratione
2280 2866 2285 2871 .
2308 2816 2710 2898 respiceret,

805 2932 932 2977 nec
1007 2933 1160 2978 eam
1233 2914 1519 2979 visitare
1589 2915 1901 2981 volentes
1965 2914 2330 2992 inhiberet,
2394 2915 2708 2997 appella-

806 3012 1032 3077 tiones
1077 3013 1166 3077 ad
1215 3031 1366 3077 eam
1411 3014 1637 3080 factas
1681 3034 1821 3079 non
1867 3014 2256 3098 impediret,
2307 3020 2379 3078 et
2430 3022 2709 3097 patrem

807 3119 1123 3177 nostrum
1196 3112 1548 3179 dominum
1620 3113 2192 3180 cantuariensem
2248 3113 2710 3199 archiepisco·-

806 3232 971 3294 pum
1003 3213 1298 3295 benigne
1326 3233 1665 3280 revocans
1704 3222 1777 3278 et
1817 3214 2150 3279 reducens
2187 3215 2263 3278 in
2296 3215 2483 3279 beati
2508 3214 2710 3279 Petri

808 3319 879 3376 et
909 3319 1145 3399 vestra
1189 3314 1583 3378 reverentia
1624 3314 1863 3377 firmus
1905 3314 2409 3397 immobilisque
2451 3316 2708 3398 persis-

810 3417 1012 3488 teret,
1057 3418 1130 3475 et
1172 3411 1456 3494 pietatis
1500 3414 1864 3478 intendens
1908 3415 2232 3497 operibus
2271 3413 2601 3479 ecclesias
2632 3423 2709 3480 et

809 3512 1318 3577 ecclesiasticas
1353 3532 1689 3595 personas
1718 3534 1863 3582 non
1888 3522 2241 3597 gravaret,
2286 3534 2413 3578 nec
2457 3535 2583 3597 per
2629 3535 2709 3579 se

808 3631 935 3676 nec
981 3632 1106 3695 per
1155 3612 1368 3676 alium
1424 3615 1707 3695 gravari
1758 3614 2229 3697 permitteret,-
2253 3621 2336 3678 ut
2381 3613 2535 3692 Ille,
2579 3634 2708 3697 per

807 3731 1012 3793 quem
1041 3732 1239 3794 reges
1267 3720 1587 3795 regnant,
1622 3713 2002 3796 temporale
2041 3715 2174 3778 sibi
2214 3733 2505 3796 regnum
2539 3734 2707 3779 con-

806 3820 1117 3877 servaret
1166 3812 1239 3876 in
1295 3814 1499 3877 terris
1545 3820 1616 3877 et
1667 3819 2001 3879 aeternum
2038 3814 2169 3878 sibi
2217 3813 2589 3897 largiretur
2632 3816 2709 3879 in

807 3910 1048 3990 caelis3
1113 3910 1445 3995 alioquin,
1501 3912 1563 3977 si
1624 3913 1904 3977 monitis
1950 3914 2343 3978 salubribus
2388 3934 2527 3979 non
2583 3916 2708 3979 ad-

872 4154 1198 4275 ῑῧίὶὲαπάαέιιπι
1215 4164 1470 4229 vestrum]
1505 4163 1755 4226 Compare
1776 4164 1867 4213 lib.
1882 4163 1919 4214 i.
1943 4179 2026 4226 ep.
2049 4165 2266 4217 xxxviii.
2289 4166 2414 4215 with
2440 4165 2714 4231 Hoveden,

803 4242 855 4288 p.
973 4262 986 4277 .
