3108 5059
899 471 1178 523 FLoRns
1224 473 1767 524 msromAnuM.
2154 459 2287 526 27⁴7

377 628 546 706 hoc,’
597 633 850 715 inquit,
894 638 914 666 ‘
937 632 1059 696 sed
1109 652 1266 697 cum
1319 633 1575 698 eisdem
1633 633 1980 699 forficibus
2029 635 2279 716 perfice
2307 652 2417 692 Aa).
2437 654 2550 693 11⁵4-

377 730 560 811 quod
595 733 871 814 coepisti
893 733 936 811 3'
972 734 1166 797 miles
1198 734 1462 816 itaque,
1493 742 1848 815 resumpta
1878 734 2152 810 fiducia,
2177 734 2277 798 sa-
2300 703 2534 794 fffffiiric.

375 829 637 894 cilitate
687 852 828 914 qua
871 834 1063 915 prius
1109 853 1254 896 rem
1302 833 1595 897 feliciter
1640 835 2167 909 consummavit,
2204 843 2274 898 et

376 930 700 1012 quicquid
756 933 1099 1015 inaequale
1151 939 1302 996 erat
1361 933 1512 996 sine
1572 932 1975 998 difficultate
2036 934 2274 1017 aliqua

375 1031 790 1112 coaequavit.
885 1031 999 1095 Ex
1031 1039 1196 1096 tunc
1229 1051 1396 1096 vero
1435 1033 1540 1095 vir
1581 1033 1741 1109 Dei,
1775 1034 2038 1116 absque
2082 1033 2270 1097 forfi-

369 1128 588 1206 cibUS,
621 1149 778 1193 cum
817 1130 1056 1213 digitis
1097 1132 1242 1195 suis
1281 1131 1621 1195 debilibus
1654 1152 1806 1212 ,non
1846 1132 1979 1196 fide
2022 1134 2271 1198 minori

375 1228 668 1292 annulos
699 1229 958 1308 loricae,
982 1231 1067 1294 ad
1093 1232 1290 1294 varia
1311 1233 1690 1296 sanitatum
1720 1232 2044 1309 remedia,
2064 1251 2273 1298 cunc-

370 1328 459 1390 tis
526 1329 892 1394 caritative
955 1332 1352 1412 petentibus
1409 1330 1725 1395 dividens
1786 1331 2265 1412 ministrabat3

370 1426 549 1492 hanc
597 1435 828 1493 autem
875 1431 1070 1495 miles
1115 1429 1440 1494 virtutem
1494 1431 1760 1508 videnS,
1811 1431 2265 1496 admiratione

369 1527 698 1591 ineffabili
743 1529 1172 1612 stupefactus
1217 1530 1480 1593 corruit
1529 1531 1617 1593 ad
1665 1531 1875 1613 pedes
1919 1531 2051 1594 viri
2104 1531 2262 1609 Dei,

369 1646 507 1709 quo
540 1628 731 1692 facto
764 1628 1098 1693 Wlfricus
1133 1629 1464 1693 confusus
1495 1637 1799 1694 erectum
1832 1631 2117 1694 militem
2145 1631 2264 1694 ad·-

358 1727 652 1811 juravit,
685 1749 774 1792 ne
804 1729 968 1792 dum
1000 1730 1266 1793 viveret
1295 1727 1445 1792 haec
1477 1729 1684 1792 alicui
1718 1730 2096 1807 revelaret3
2144 1731 2265 1794 sed

369 1829 467 1890 rei
505 1826 695 1891 fama
742 1829 1029 1892 celebris
1081 1829 1290 1892 celari
1343 1848 1481 1891 non
1525 1829 1776 1910 potuit,
1828 1849 1985 1892 cum
2030 1829 2266 1910 plures

368 1926 496 1991 viri
531 1927 839 2010 religiosi
871 1928 956 1992 de
1000 1927 1240 1992 eadem
1285 1927 1502 1991 lorica
1547 1929 1843 1992 annulos
1889 1947 1965 1992 se
2010 1929 2262 1992 habere

365 2026 740 2107 gaudeant,
787 2034 858 2091 et
902 2027 1088 2091 sama
1129 2028 1417 2091 celebris
1447 2027 1582 2091 viri
1627 2029 1763 2092 Dei
1808 2029 2023 2092 totius
2070 2029 2265 2110 regni

367 2127 536 2190 fines
571 2128 1107 2211 circumquaque
1136 2127 1531 2209 perlustret.

461 2302 561 2366 De
591 2302 852 2382 homine,
883 2303 993 2388 qui
1021 2301 1264 2370 diabolo
1295 2303 1646 2389 homayium
1660 2305 1916 2390 fecerit,
1951 2327 1995 2370 a
2030 2307 2165 2370 viro

1089 2403 1218 2468 Dm·
1242 2402 1522 2468 liberato·
1594 2425 1615 2438 ⁴

467 2529 557 2593 In
607 2527 1116 2609 aquilonalibus
1169 2525 1448 2610 Angliae
1499 2527 1812 2610 partibus
1863 2528 2067 2592 homo
2114 2529 2265 2613 qui-

368 2629 526 2693 dam
574 2635 729 2692 erat
773 2628 978 2692 valde
1023 2628 1458 2704 miserabilis,
1517 2628 1638 2709 qui
1685 2627 2033 2691 fortunam
2088 2644 2260 2711 pau-

261 2727 272 2737 '
364 2728 654 2812 pel-tatis
699 2746 837 2791 non
884 2748 1082 2811 aeque
1115 2727 1343 2791 ferens
1377 2727 1653 2792 diabolo
1698 2746 1945 2790 manus
1976 2727 2165 2792 dedit
2192 2736 2262 2793 et

364 2828 760 2909 homagium
795 2828 861 2891 ei
892 2826 1077 2891 fecit.
1184 2826 1524 2890 Diabolus
1558 2834 1814 2904 autem,
1850 2845 2004 2890 cum
2037 2836 2260 2911 captae

362 2926 618 3011 praedae
679 2946 826 2990 suae
881 2926 1306 3009 aliquamdiu
1361 2926 1815 3003 incubuisset,
1885 2927 2092 2990 miser
2142 2927 2261 2991 ille

363 3028 756 3109 intelligens
798 3034 1065 3090 reatum
1097 3045 1300 3089 suum
1330 3026 1671 3108 poenitere
1702 3027 1941 3107 coepit,
1974 3028 2261 3090 circum-

363 3128 661 3211 spiciens
697 3132 768 3189 et
809 3125 1220 3201 deliberans,
1253 3126 1365 3188 cui
1413 3144 1488 3187 se
1531 3132 1829 3208 patrono
1874 3128 2259 3190 committe-

364 3235 492 3304 ret,
525 3227 645 3309 qui
673 3226 870 3289 illum
901 3244 944 3287 a
971 3232 1194 3288 morte
1229 3226 1478 3288 animae
1519 3224 1868 3289 liberaret.
1977 3224 2259 3289 Postre-

363 3348 474 3391 mo
511 3328 794 3390 beatum
828 3324 1197 3389 Wlfricum
1245 3324 1435 3387 adire
1469 3324 1903 3400 deliberavit,
1940 3321 2013 3387 in
2058 3324 2263 3407 cujus

364 3446 570 3491 manu
625 3424 818 3487 salus
851 3425 1202 3508 quiescere
1237 3424 1619 3500 dicebatur,
1664 3429 1735 3486 et
1768 3423 1853 3486 de
1888 3442 2258 3506 progressu

361 3546 488 3590 suo
512 3524 716 3590 valde
744 3524 1110 3601 sollicituS,
1141 3544 1298 3588 cum
1330 3523 1601 3587 cuidam
1626 3542 1905 3586 suorum
1933 3524 2005 3587 id
2032 3525 2259 3606 ipsum

363 3626 766 3701 revelasset,
811 3623 1084 3688 adstitit
1123 3624 1187 3687 ei
1219 3623 1535 3687 diabolus
1566 3623 1638 3685 in
1668 3621 1893 3703 effigie
1928 3620 2261 3687 consueta

364 3733 434 3790 et
485 3731 676 3799 nota„
725 3722 920 3787 illum
976 3723 1386 3805 proditionis
1445 3741 1746 3803 arguens
1802 3723 2261 3801 castigatione

364 3824 624 3890 crudeli
663 3842 742 3887 se
777 3824 1006 3905 ipsum
1046 3823 1290 3905 punire
1341 3822 1669 3898 minatur,
1702 3822 1762 3883 si
1802 3819 1968 3903 quid
2004 3821 2145 3883 tale
2175 3821 2261 3884 de

365 3934 616 3990 caetero
679 3929 1100 4001 attentaret3
1163 3929 1235 3985 at
1294 3920 1498 3985 homo
1546 3920 1664 3984 ille
1720 3920 1851 3983 sibi
1912 3919 2259 3984 silentium
2374 3957 2379 3963 -

365 4026 722 4108 imponens
751 4022 923 4087 vidit
952 4020 1339 4098 manifeste,
1358 4020 1540 4104 quod
1562 4020 1885 4083 inimicus
1900 4020 2052 4104 ejus
2077 4021 2261 4102 cogi·

365 4126 660 4189 tationes
693 4122 921 4186 cordis
955 4122 1064 4185 sui
1096 4140 1236 4184 non
1269 4121 1737 4201 cognovisset,
1762 4121 1894 4183 nisi
1925 4138 2043 4184 eas
2069 4122 2262 4202 prius

365 4244 482 4305 per
505 4224 791 4289 verbum
825 4221 1239 4304 prodidisset
1269 4220 1394 4283 vel'
1414 4221 1711 4301 signum.
1805 4219 2264 4300 Dissimulato
