3108 5059
843 503 1123 551 nonus
1176 503 1721 552 ms'ronmnnn.
2088 487 2220 551 159

317 657 796 740 praesignavit,
857 657 1020 722 licet
1089 660 1573 741 experimenta
1632 661 1774 723 alia¹
1834 676 1973 724 non
2024 661 2220 725 dees-
2243 679 2354 720 ω).
2376 679 2490 719 ιιοο.

317 765 494 820 sent.
604 757 796 820 Nam
844 755 1246 835 Anselmus,
1307 757 1833 824 cantuariensis
1878 760 2220 843 archiepi-

320 875 597 938 scopuS,
629 858 720 920 ob
749 857 940 921 illius
971 858 1408 940 tyrannidem
1444 877 1571 941 per
1610 861 1979 924 triennium
2024 867 2219 924 trans

320 973 505 1019 mare
545 955 816 1038 pulsuS,
853 976 896 1019 a
937 957 1172 1022 Roma
1199 959 1767 1022 Marcenniacum
1799 961 1993 1024 venit
2034 961 2222 1025 circa

320 1053 658 1118 kalendas
676 1055 1007 1137 Augusti,
1049 1065 1127 1122 ut
1165 1059 1390 1122 sancti
1429 1057 1783 1140 HugoniS‚
1808 1059 2220 1123 cluniacen-

320 1155 414 1218 sis
447 1156 750 1232 abbatis,
785 1157 1129 1239 colloquio
1165 1158 1547 1236 frueretur3
1596 1160 1715 1222 ubi
1748 1178 1906 1222 cum
1936 1159 2021 1222 de
2054 1179 2220 1239 rege

323 1253 680 1318 Willelmo
731 1257 914 1319 inter
950 1275 1072 1320 eos
1118 1276 1344 1321 sermo
1388 1257 1781 1335 haberetur,
1838 1259 2052 1321 abbas
2103 1258 2220 1322 ille

319 1355 736 1418 venerabilis
803 1356 1324 1440 archiepiscopo
1367 1357 1793 1440 respondens
1849 1359 1981 1422 sub
2026 1359 2223 1422 testi-

323 1456 556 1518 monio
587 1455 826 1519 intulit
863 1457 1202 1534 veritatiS,
1229 1466 1245 1490 ⁴
1273 1456 1607 1520 Proxima
1636 1463 1839 1521 nocte
1867 1459 2223 1540 praeterita

322 1553 468 1618 vidi
516 1573 752 1636 regem
803 1555 1001 1618 illum
1058 1563 1222 1620 ante
1262 1556 1591 1620 thronum
1648 1557 1784 1620 Dei
1847 1558 2221 1622 adductum

327 1660 397 1717 et
433 1660 864 1731 accusatum,
905 1663 977 1719 et
1019 1675 1066 1719 a
1097 1656 1298 1739 justo
1341 1656 1387 1720 J
1393 1657 1593 1721 udice
1637 1657 2100 1722 damnationis
2148 1658 2223 1721 in

320 1753 520 1817 illum
585 1754 1000 1818 sententiam
1057 1755 1570 1838 promulgatam
1592 1756 1635 1835 ς’
1698 1757 1844 1834 sed,
1880 1751 2225 1839 quomodo

325 1853 496 1915 illud
543 1854 782 1930 sciret,
813 1874 942 1917 nec
979 1856 1128 1937 ipse
1172 1862 1340 1919 tunc
1385 1857 1735 1938 exposuit,
1784 1874 1913 1919 nec
1963 1856 2227 1920 archie—

323 1954 684 2035 piscopuS,
715 1961 1002 2036 propter
1059 1955 1248 2018 illius
1310 1957 1753 2020 eminentiam
1810 1957 2225 2033 sanctitatis,

327 2073 456 2116 nec
495 2053 676 2116 alius
716 2053 1147 2118 audientium
1189 2055 1480 2137 quilibet
1526 2058 2009 2138 [percontatus
2060 2056 2225 2136 est].

328 2152 512 2216 Item
543 2154 864 2235 sequenti
911 2154 1047 2231 die,
1081 2174 1240 2216 cum
1275 2154 1832 2237 archiepiscopus
1869 2156 2032 2218 inde
2072 2175 2229 2238 pro-

327 2271 614 2332 gressus
668 2252 1088 2334 Lugdunum
1140 2254 1468 2331 venisset,
1524 2262 1597 2319 et
1660 2262 1864 2319 nocte
1914 2254 2229 2337 sequenti

325 2351 675 2429 monachi,
705 2354 826 2434 qui
857 2373 1013 2416 cum
1040 2351 1378 2418 Anselmo
1405 2362 1629 2432 erant,
1660 2355 2039 2419 matutinos
2076 2355 2231 2438 ipso

326 2458 677 2535 praesente
727 2450 1238 2532 decantassent,
1277 2473 1438 2517 ecce
1471 2455 1753 2538 juvenis
1794 2455 2098 2538 quidam,
2119 2475 2231 2519 or-

329 2560 502 2616 natu
567 2572 856 2617 serenus
918 2574 1002 2619 ac
1058 2556 1284 2631 vultu,
1351 2554 1601 2619 clerico
1664 2555 1937 2618 cuidam
2010 2556 2231 2637 ipsius

329 2653 858 2736 archiepiscopi,
912 2655 1032 2737 qui
1069 2672 1285 2736 prope
1327 2655 1585 2718 ostium
1623 2655 1913 2718 thalami
1944 2654 2017 2717 in
2051 2654 2232 2717 lecto

321 2754 634 2837 jacebat,
665 2761 738 2817 et
777 2754 1070 2818 necdum
1103 2755 1450 2818 dormiens
1495 2754 1736 2819 oculos
1771 2761 2006 2818 tamen
2040 2755 2232 2817 clau-

330 2873 446 2917 sos
487 2854 796 2931 tenebat,
833 2854 1126 2931 adstitit,
1177 2861 1247 2918 et
1283 2871 1546 2919 vocans
1585 2872 1741 2919 eum
1778 2855 2055 2918 nomine
2108 2872 2233 2917 suo

331 2952 538 3031 dixit,
571 2952 882 3030 ‘Adam,’
913 2953 1204 3035 inquit,‘
1229 2955 1484 3018 dormis
1505 2956 1561 3018 ‘l'
1612 2955 1725 3017 cui
1754 2974 1911 3017 cum
1944 2955 2236 3018 clericus

332 3051 788 3135 responderet
812 3058 831 3087 ‘
847 3052 1057 3131 Non,'
1079 3054 1181 3117 ait
1201 3060 1221 3088 ‘
1237 3054 1373 3118 Vis
1391 3054 1633 3118 audire
1656 3056 1902 3119 novaT’
1948 3060 1968 3088 ‘
1984 3052 2235 3117 Liben-

336 3152 888 3235 ter,'respondit;
923 3161 995 3217 et
1015 3153 1156 3230 ille,
1175 3154 1353 3218 ‘Pro
1381 3155 1619 3231 certo,’
1639 3154 1888 3235 inquit,
1917 3158 1937 3187 ‘
1958 3154 2235 3217 noveris

335 3252 520 3335 quod
581 3259 808 3317 totum
871 3252 1231 3316 dissidium
1287 3254 1470 3317 inter
1519 3252 2110 3336 archiepiscopum
2166 3261 2238 3316 et

335 3372 573 3434 regem
609 3350 1038 3417 Willelmum
1087 3360 1409 3417 exortum
1454 3353 1602 3436 jam
1650 3354 1929 3436 penitus
1972 3360 2085 3416 est
2122 3372 2234 3416 so·

338 3454 561 3534 pitum
586 3452 630 3531 3’
697 3453 787 3515 ad
853 3452 984 3516 hoc
1049 3453 1338 3516 clericus
1402 3454 1699 3517 alacrior
1748 3452 1975 3517 factus
2028 3458 2239 3535 caput

337 3553 588 3628 erexit,
635 3551 756 3614 sed
797 3553 1016 3616 oculis
1053 3553 1312 3635 apertis
1355 3553 1697 3616 neminem
1728 3551 1924 3617 vidit.
2030 3552 2236 3629 Item,

340 3672 497 3715 cum
541 3658 748 3715 nocte
797 3651 1114 3733 proxime
1155 3659 1486 3733 sequente
1523 3670 1704 3715 unus
1754 3670 1845 3715 ex
1884 3651 2240 3715 monachis

341 3752 656 3836 ejusdem
735 3750 1236 3835 archiepiscopi
1304 3753 1393 3816 ad
1451 3753 1829 3816 matutinos
1889 3758 2109 3815 staret
2170 3758 2241 3813 et

343 3856 681 3928 cantaret,
735 3870 896 3915 ecce
947 3852 1228 3935 quidam
1277 3852 1381 3915 illi
1431 3845 1821 3915 chartulam
1868 3850 2237 3914 admodum

344 3971 634 4035 parvam
669 3950 984 4015 exhibuit
1005 3952 1094 4015 ad
1124 3952 1516 4033 legendum,
1545 3970 1754 4033 quam
1782 3951 2065 4014 intuens
2092 3970 2239 4014 mo·

345 4051 604 4115 nachus
635 4050 870 4115 ‘Obiit
903 4071 1030 4115 rex
1064 4050 1502 4128 Willelmus,’
1532 4051 1606 4113 in
1656 4070 1740 4115 ea
1770 4052 2102 4134 scriptum
2137 4052 2243 4114 in-

350 4152 563 4231 venit3
599 4152 721 4234 qui
749 4150 1111 4215 confestim
1131 4153 1367 4216 oculos
1397 4152 1714 4234 aperiens
1737 4158 1993 4233 praeter
2018 4151 2245 4214 socios

351 4250 600 4316 nullum
656 4252 854 4317 vidit.
962 4250 1115 4316 Nec
1165 4252 1385 4315 multo
1432 4259 1595 4334 post
1646 4252 1885 4335 elapso
1928 4250 2245 4325 termino,
