3108 5059
852 442 986 509 382
1372 457 1645 506 uocum
1692 457 1787 504 nn
1832 455 2250 506 wunnovna

530 629 641 670 M>-
663 629 777 670 1176·
853 618 1044 702 ipsos
1090 616 1557 684 Cenomannis
1617 618 1706 684 ad
1770 637 1973 683 suum
2035 617 2269 683 venire
2332 615 2758 700 colloquium

851 719 1277 802 procuravit,
1322 719 1442 782 ubi
1491 737 1538 782 a
1584 717 1929 784 Gaufrido
1982 718 2305 802 primitus
2352 723 2423 781 et
2463 715 2760 781 Richar-

854 818 970 896 do,
1012 818 1172 882 filiis
1221 819 1390 897 suis,
1442 818 1842 902 homagium
1891 826 1963 883 et
2012 818 2417 884 fidelitatem
2460 817 2757 900 accepit.

855 912 1061 983 Post¹
1087 918 1233 984 dies
1255 926 1489 984 autem
1505 938 1791 1003 paucos,
1812 918 1999 1002 apud
2023 919 2291 982 Burum
2309 917 2385 981 in
2410 916 2761 982 Nol-man-

853 1019 972 1083 nia
1010 1019 1204 1084 venit
1242 1019 1332 1083 ad
1373 1038 1531 1084 eum
1576 1039 1707 1084 rex
1756 1019 1941 1084 filius
1984 1017 2161 1103 ejuS,
2208 1037 2365 1082 cum
2416 1016 2757 1100 archiepi-

853 1137 1066 1202 scopo
1121 1118 1674 1202 Rothomagensi
1718 1126 1791 1184 et
1832 1119 1989 1184 aliis
2034 1118 2379 1202 episcopis
2435 1126 2506 1182 et
2556 1118 2757 1182 baro-

855 1219 1060 1283 nibus
1101 1220 1364 1297 multiS,
1409 1228 1480 1285 et
1517 1237 1675 1283 cum
1718 1219 1941 1284 multa
1983 1217 2492 1302 lachrymarum
2530 1217 2763 1282 effusi-

855 1337 988 1382 one
1048 1318 1138 1384 ad
1196 1319 1408 1403 pedes
1465 1319 1687 1403 patris
1760 1325 2153 1402 prostratus
2216 1318 2757 1384 misericordiam

853 1418 1310 1501 precabatur3
1353 1439 1482 1484 rex
1514 1426 1750 1484 autem
1780 1425 2012 1485 motus
2044 1419 2306 1502 pietate
2340 1437 2551 1502 super
2586 1418 2757 1495 filio,

853 1535 1061 1600 quem
1105 1519 1272 1584 totis
1318 1520 1698 1584 visceribus
1748 1517 2106 1601 diligebat,
2158 1519 2555 1602 intelligens
2598 1538 2756 1583 eum

854 1637 944 1682 ex
979 1618 1188 1683 corde
1221 1618 1444 1704 loqui,
1478 1620 1653 1684 iram
1688 1625 1761 1684 et
1798 1638 2069 1684 omnem
2110 1620 2174 1682 ei
2206 1619 2755 1702 indignationem

853 1718 1140 1796 remisit,
1175 1725 1386 1803 atque
1417 1720 1573 1805 ejus
1615 1720 2037 1802 homagium,
2067 1718 2304 1783 addito
2335 1718 2758 1804 juramento,

853 1818 1182 1902 suscepit.
1246 1820 1589 1885 Omnibus
1630 1820 1845 1902 igitur
1887 1820 2061 1884 bene
2100 1819 2484 1901 pacificatis
2529 1825 2603 1884 et
2642 1839 2756 1883 os-

853 1919 1033 1983 culis
1078 1918 1383 2003 undique
1425 1940 1517 1985 ex
1560 1919 1767 1984 corde
1812 1919 2112 2010 collatis,
2159 1939 2286 1984 rex
2332 1926 2533 2002 pater
2576 1919 2760 1984 mili-

853 2025 961 2083 tes
1001 2028 1392 2102 nongentos
1419 2027 1492 2086 et
1523 2019 1898 2102 sexaginta
1930 2039 2205 2096 novem,
2238 2039 2415 2104 quos
2445 2027 2763 2103 tempore

853 2118 1018 2183 belli
1053 2126 1356 2204 ceperat,
1395 2121 1546 2186 sin-e
1585 2119 2059 2204 redemptione
2091 2139 2136 2184 a
2170 2120 2462 2186 vinculis
2498 2120 2757 2200 solvit3

852 2237 1114 2302 paucos
1160 2239 1350 2298 vero,
1399 2240 1692 2303 quorum
1740 2220 2013 2285 facinus
2058 2240 2337 2285 enorme
2376 2219 2759 2303 principem

852 2319 1482 2384 mansuetissimum
1559 2321 1645 2386 ad
1721 2320 2147 2384 iracundiam
2229 2329 2763 2403 provocaverat,

854 2418 1136 2483 arctiori
1165 2419 1498 2486 custodiae
1533 2420 1820 2485 tradidit
1848 2418 2391 2504 mancipandos3
2436 2441 2564 2485 rex
2594 2440 2761 2486 vero

853 2519 1040 2585 filius
1073 2519 1313 2586 eodem
1347 2520 1550 2587 modo
1585 2520 1841 2587 milites
1870 2541 2047 2607 quos
2065 2520 2227 2606 jure
2259 2520 2423 2587 belli
2454 2529 2757 2607 ceperat,

855 2639 1148 2705 quorum
1183 2642 1510 2687 numerus
1543 2621 1634 2685 ad
1664 2628 1941 2686 centum
1976 2629 2047 2687 et
2076 2641 2159 2687 eo
2194 2622 2490 2705 amplius
2522 2616 2763 2689 excre-

855 2727 1076 2799 verat,
1127 2720 1275 2785 sine
1321 2721 1619 2805 pecunia
1661 2722 2031 2787 relaxavit.
2134 2721 2338 2786 Tunc
2381 2742 2508 2786 rex
2557 2731 2761 2806 pater

853 2820 1091 2886 literas
1133 2822 1206 2885 in
1244 2842 1484 2887 omnes
1524 2822 1698 2886 fines
1744 2841 1890 2886 suae
1932 2820 2420 2886 dominationis
2464 2822 2756 2888 sormam

854 2919 1063 3004 hujus
1107 2921 1301 3003 pacis
1345 2923 1780 2987 continentes
1828 2921 2108 2999 direxit,
2154 2929 2233 2987 ut
2272 2941 2535 3001 omneS,
2580 2944 2756 3007 quos

854 3020 1178 3101 generale
1205 3021 1573 3086 discrimen
1616 3021 1778 3085 belli
1815 3020 2184 3099 afflixerat,
2216 3024 2599 3087 communis
2637 3025 2758 3088 lae-

852 3121 1012 3184 titia
1048 3129 1430 3202 recrearet3
1477 3122 1926 3187 continebant
1968 3123 2252 3205 insuper
2288 3122 2535 3201 literae,
2570 3125 2756 3206 quod

853 3221 1088 3285 omnia
1117 3222 1429 3301 castella,
1464 3242 1623 3305 quae
1652 3222 1921 3287 munita
1948 3222 2223 3287 fuerant
2256 3227 2565 3306 tempore
2598 3224 2760 3289 belli

854 3328 1100 3385 contra
1141 3322 1394 3405 ipsum,
1454 3322 1542 3386 ad
1590 3322 1786 3386 illum
1842 3321 2319 3405 redigerentur
2376 3330 2638 3388 statum
2684 3325 2757 3387 in

855 3439 996 3502 quo
1027 3428 1228 3485 erant
1257 3421 1536 3504 quando
1572 3440 1824 3503 guerra
1852 3414 2172 3505 ²incepit.

927 3646 1080 3699 ¹Post
1092 3650 1199 3699 dies
1211 3646 1597 3715 cutempuucos]
1628 3650 1780 3712 Upon
1902 3646 1923 3677 ²
1946 3649 2155 3715 Incepit.
2176 3650 2203 3713 ·]
2240 3650 2392 3700 Paris
2414 3650 2510 3699 has
2531 3650 2652 3700 here
2684 3652 2765 3700 in-

855 3720 941 3769 the
961 3725 1039 3771 let
1052 3720 1302 3783 oprril;
1333 3721 1537 3782 Diceto,
1551 3720 1649 3775 col.
1664 3724 1779 3770 ⁶85.
1833 3720 2000 3769 serted
2021 3735 2057 3770 a
2087 3721 2253 3771 notice
2286 3720 2347 3771 of
2370 3720 2457 3771 the
2488 3722 2689 3772 council
2710 3722 2767 3771 of

857 3790 908 3839 It
940 3805 1159 3854 appears
1191 3791 1301 3841 that
1331 3791 1416 3841 the
1449 3805 1623 3853 young
1654 3790 1782 3853 king
1833 3790 2202 3853 Westminster,
2234 3790 2352 3841 held
2386 3796 2441 3840 at
2471 3791 2558 3840 the
2591 3792 2690 3841 end
2712 3790 2770 3841 of

855 3861 1030 3910 would
1052 3865 1140 3911 not
1175 3865 1307 3911 trust
1337 3862 1420 3910 his
1449 3860 1617 3910 father
1650 3862 1782 3909 until
1834 3860 1964 3922 May
1979 3862 2032 3909 in
2053 3860 2155 3909 this
2177 3875 2318 3924 year,
2332 3861 2496 3910 under
2518 3862 2763 3924 Richard,

855 3929 939 3979 his
969 3930 1183 3994 homage·
1215 3932 1318 3982 had
1353 3933 1484 3981 been
1517 3931 1782 3993 accepted.
1832 3930 2135 3992 archbishop
2180 3931 2239 3981 of
2276 3932 2624 3994 Canterbury;
2679 3933 2765 3982 the

855 3999 951 4048 See
967 4000 1299 4067 Hoveden,p.
1313 4006 1441 4066 5423
1465 4001 1785 4066 Newburgh,
1833 4002 2138 4063 particulare
2170 4016 2287 4064 may
2308 4004 2373 4051 be
2394 4002 2554 4053 found
2574 4003 2628 4052 in
2652 3998 2765 4053 Ho-

854 4068 892 4118 i.
916 4085 969 4132 p.
993 4074 1110 4123 227.
1837 4071 1998 4120 veden
2018 4071 2118 4122 aud
2144 4070 2391 4124 Gen-vase.
