3108 5059
564 654 617 695 Δ·
622 652 678 694 n·
698 654 717 693 ι
724 653 743 693 ¹
750 652 813 693 ”-

566 704 680 744 Viuit
696 705 747 744 el

564 754 697 796 lanu
714 754 815 794 vu.

566 809 613 844 ω
631 803 827 845 Met·-

567 855 699 895 tomi».

582 2951 677 2990 The
691 2948 808 2990 third

582 3001 766 3042 uter-n

889 462 1023 529 398
1402 476 1673 527 nocam
1721 476 1818 526 nn
1861 476 2276 527 wmmovssn

890 636 1199 703 solennis
1250 635 1607 721 processio
1663 636 1738 700 in
1797 632 1978 701 tanti
2027 634 2402 700 adventum
2461 632 2797 717 principis

891 737 1223 823 majorem
1282 736 1651 803 ecclesiam
1705 734 2109 801 illustravit.
2215 734 2575 813 Quantum
2639 736 2794 799 auri

894 837 1006 903 vel
1074 837 1348 919 argenti
1404 835 1795 901 Gallicanae
1857 834 2205 901 nobilitati
2259 854 2387 901 rex
2443 832 2796 899 Henricus

892 936 1289 1014 contulerit,
1320 944 1800 1019 quantumque
1827 936 1900 999 in
1935 935 2124 1000 vasis
2155 941 2228 999 et
2261 933 2608 1018 lapidibus
2637 954 2796 1017 pre-

892 1038 1093 1103 tiosis
1120 1054 1361 1102 omnes
1393 1036 1788 1113 honoravit,
1815 1053 1972 1100 cum
2001 1054 2142 1101 non
2173 1035 2270 1099 sit
2286 1036 2408 1118 qui
2433 1034 2566 1097 hoc
2595 1034 2798 1111 sciat,

894 1135 1077 1201 desit
1104 1136 1227 1220 qui
1257 1135 1537 1201 scribat.
1631 1134 1928 1201 Centum
1953 1135 2100 1201 vini
2124 1134 2395 1199 modios
2421 1154 2550 1199 rex
2580 1134 2798 1198 Fran-

894 1256 1131 1301 corum
1149 1236 1509 1300 annuatim
1538 1236 1614 1299 in
1643 1242 2052 1318 perpetuum
2079 1235 2393 1301 Pal-isius
2423 1233 2799 1300 solvendos

896 1338 987 1401 ob
1016 1336 1475 1401 reverentiam
1517 1335 1849 1419 martyris
1889 1334 2176 1418 gloriosi
2207 1335 2284 1398 in
2324 1352 2490 1399 usus
2523 1333 2802 1417 collegii

898 1435 1420 1501 Cantuariensis
1480 1436 1848 1501 convertit.
1953 1435 2115 1499 Rex
2167 1441 2402 1499 antem
2448 1434 2802 1499 Henricus

897 1555 1110 1618 gazas
1141 1534 1359 1600 totius
1392 1536 1592 1617 regni
1635 1536 1769 1613 sui,
1812 1542 1886 1599 et
1925 1533 2252 1617 quicquid
2299 1536 2451 1619 ipse
2490 1542 2566 1605 et
2606 1542 2804 1599 ante-

896 1654 1207 1701 cessores
1250 1633 1405 1719 ejus
1438 1634 1511 1698 in
1541 1634 1806 1700 divitiis
1847 1640 2364 1717 congesserant,
2394 1635 2546 1717 regi
2579 1634 2802 1699 Fran-

898 1756 1135 1801 corum
1186 1743 1259 1800 et
1310 1736 1457 1799 suis
1507 1735 1877 1818 exposuit3
1953 1734 2102 1812 sed,
2153 1753 2241 1798 ne
2300 1733 2558 1799 Franci
2610 1732 2802 1799 aliud

902 1856 1110 1921 quam
1169 1842 1545 1919 martyrem
1595 1834 1932 1918 quaesisse
1973 1834 2396 1911 viderentur,
2437 1852 2718 1900 manum
2761 1854 2806 1899 a

899 1955 1183 2002 munere
1210 1934 1636 2012 cohibentes,
1668 1934 2076 2019 martyrium
2103 1932 2399 1999 forsitan
2425 1954 2518 1999 ex
2547 1935 2804 2000 oblatis

900 2037 1337 2121 pertulerunt
1364 2035 1437 2099 in
1472 2042 1728 2099 mente.
1831 2034 1946 2098 Sic
1985 2053 2112 2098 rex
2149 2034 2601 2113 Francorum,
2645 2054 2804 2099 cum

902 2136 975 2199 in
1004 2136 1290 2219 vigiliis,
1324 2134 1616 2220 jejuniis
1659 2140 1734 2199 et
1773 2134 2204 2199 orationibus
2233 2134 2636 2199 cantuariae
2679 2136 2806 2200 tri-

902 2235 1117 2299 duum
1160 2234 1646 2317 complevisset
1695 2239 1770 2299 et
1811 2234 2095 2299 xeniola
2137 2234 2456 2318 quaedam
2501 2254 2723 2317 parva
2767 2254 2811 2301 a

902 2354 1069 2417 rege
1094 2332 1487 2417 Anglorum
1534 2334 1609 2399 in
1659 2334 1932 2416 signum
1965 2334 2358 2399 dilectionis
2399 2335 2808 2418 accepisset,

903 2435 1199 2518 septimo
1244 2433 1582 2499 kalendas
1625 2433 2050 2517 Septembris
2093 2432 2183 2497 ad
2226 2433 2534 2498 Galliam
2575 2442 2808 2499 trans-

902 2535 1209 2601 fretavit.
1314 2535 1576 2600 Eodem
1641 2552 1826 2599 anno
1889 2534 2238 2616 Rogerus,
2298 2533 2810 2618 wigorniensis

903 2637 1297 2720 episcopus,
1328 2635 1505 2700 obiit
1534 2634 1781 2718 quinto
1813 2634 1972 2699 idus
1998 2632 2328 2716 Augusti.

906 2807 1007 2872 De
1034 2807 1293 2872 concilio
1324 2809 1535 2872 Rom
1565 2806 1796 2886 habito,
1816 2807 2186 2894 praesidaemo
2208 2829 2396 2894 papa
2425 2807 2812 2876 Alemndw.

1009 2931 1272 2996 Eodem
1299 2951 1480 2997 anno
1506 2933 1820 2997 habitum
1849 2941 1958 2998 est
1987 2933 2236 2998 Romae
2267 2927 2287 2964 ¹
2301 2933 2668 2998 concilium
2699 2955 2814 3018 ge-

907 3031 1141 3096 nerale
1181 3038 1646 3098 trecentorum
1698 3041 1770 3098 et
1813 3032 2050 3098 decem
2101 3034 2580 3117 episcoporum
2627 3034 2814 3100 deci-

907 3151 1023 3198 mo
1056 3138 1305 3215 quarto
1342 3130 1680 3196 kalendas
1718 3131 1986 3216 Aprilis
2023 3133 2099 3197 in
2139 3132 2564 3216 patriarchio
2600 3135 2814 3200 Late-

908 3231 1211 3310 ranensi,
1265 3232 1378 3296 cui
1426 3232 1758 3315 praesedit
1806 3232 2126 3297 dominns
2176 3251 2366 3316 papa
2409 3231 2816 3300 Alexander

909 3331 1181 3410 tertius,
1214 3332 1415 3416 cnjus
1458 3339 1730 3398 statuta
1775 3333 1962 3397 omni
1999 3332 2205 3397 laude
2242 3332 2652 3416 dignissima
2682 3337 2814 3400 sub

908 3431 1160 3514 viginti
1202 3439 1385 3509 octo,
1427 3451 1588 3516 quae
1635 3440 2040 3516 sequuntur,
2087 3432 2412 3517 capitulis
2451 3436 2814 3500 continen-

909 3538 1065 3596 tur:
1113 3531 1225 3596 De
1258 3533 1594 3597 electione
1621 3533 1872 3597 summi
1898 3533 2284 3616 pontificis;
2333 3533 2444 3598 De
2472 3534 2818 3601 haereticis

907 3629 1418 3714 Albegensibus
1460 3640 1533 3697 et
1577 3632 1872 3697 diversis
1911 3651 2150 3698 eorum
2189 3634 2816 3717 appellationibus;

911 3731 1023 3796 De
1054 3732 1385 3815 ruptariis
1411 3740 1484 3797 et
1514 3732 1910 3797 Brebantiis
1935 3732 2406 3816 praedonibus,
2427 3735 2549 3818 qui
2575 3734 2818 3801 fideles

910 3831 1267 3913 affligunt3
1329 3830 1537 3910 Quod
1595 3832 1824 3896 nullus
1877 3840 2372 3915 promoveatur
2411 3835 2484 3898 in
2547 3836 2819 3918 episco-

909 3948 1075 4010 pum
1110 3931 1222 3995 vel
1262 3931 1352 3995 ad
1392 3931 1692 4016 aliquem
1738 3931 2000 3997 ordinis
2049 3933 2367 4016 gradum,
2411 3934 2545 3998 nisi
2579 3935 2815 4020 legiti-

909 4046 1041 4089 mae
1076 4029 1169 4091 sit
1208 4031 1438 4094 aetatis
1470 4038 1541 4096 et
1583 4031 1668 4096 de
1703 4031 2014 4114 legitimo
2049 4032 2490 4098 matrimonio
2531 4053 2818 4119 suscep-

976 4193 995 4228 ¹
1022 4198 1345 4265 Concilium]
1376 4203 1485 4252 The
1520 4203 1856 4268 proceedings
1887 4206 1945 4256 of
1976 4206 2078 4256 this
2117 4208 2318 4258 couucil
2351 4221 2440 4258 are
2471 4209 2528 4258 in
2559 4209 2822 4276 Harduin,

903 4271 1023 4319 tom.
1045 4268 1115 4320 vi.
1136 4275 1267 4331 part.
1290 4271 1347 4321 ii.
1372 4273 1468 4323 col.
1484 4277 1634 4324 16⁷1.
