3108 5059
802 441 937 504 250
1324 456 1592 506 Roonnl
1641 457 1737 502 nu
1783 456 2196 504 wimnovnn
2237 452 2246 462 ·

489 646 599 687 ιω).
622 646 733 686 ιιει.
806 611 1353 678 benedictionem
1381 613 1712 696 suscepit.
1815 613 2219 696 Supervixit
2253 619 2488 676 autem
2533 631 2717 694 prae-

807 713 1129 778 decessor
1190 712 1341 796 ejus
1398 720 1562 796 post
1621 712 1840 795 ipsius
1906 713 2410 794 promotionem
2467 711 2715 775 diebus

808 812 1284 889 novendecim,
1332 818 1405 876 et
1459 818 1627 876 tunc
1678 811 2046 876 defunctus
2107 811 2423 894 sepultus
2476 818 2586 875 est
2633 813 2712 874 in

808 911 1117 994 capitulo
1166 912 1238 974 in
1288 911 1579 977 aliorum
1635 912 1964 976 abbatum
1985 911 2247 975 ordine
2289 919 2711 975 reverenter.

810 1011 1071 1076 Eodem
1123 1030 1308 1075 anno
1353 1011 1613 1076 dictum
1665 1017 1773 1075 est
1827 1010 2102 1075 cuidam
2161 1011 2236 1076 iu
2285 1010 2570 1087 somnis,
2635 1018 2716 1074 ut

809 1129 1057 1174 manus
1102 1129 1267 1175 suas
1312 1117 1670 1174 truncaret
1709 1117 1784 1175 et
1827 1109 2038 1192 pedes
2073 1117 2145 1174 et
2187 1111 2290 1174 sic
2318 1109 2556 1172 salvus
2589 1109 2715 1172 fie-

812 1216 941 1286 ret,
993 1210 1177 1292 quod
1234 1229 1391 1274 cum
1442 1209 1720 1274 fecisset
1769 1210 2010 1274 statim
2059 1209 2472 1291 exspiravit.
2572 1209 2714 1274 Illo

810 1328 993 1374 anno
1050 1310 1222 1373 obiit
1274 1303 1292 1340 ¹
1308 1308 1385 1372 M
1390 1309 1651 1386 atildis,
1710 1329 1892 1375 uxor
1943 1308 2127 1391 regis
2183 1307 2543 1391 Stephani,
2595 1307 2712 1372 die

809 1385 1250 1474 inventionis‘
1259 1415 1523 1472 sanctae
1550 1407 1798 1472 Crucis
1832 1409 2018 1491 apud
2053 1407 2520 1489 Haingeham,
2555 1426 2714 1470 cas·

811 1508 1051 1571 tellum
1098 1508 1371 1572 comitis
1400 1507 1708 1604 Alberici
1742 1509 1828 1572 de
1857 1508 2029 1584 Ver,
2069 1514 2142 1571 et
2179 1508 2251 1570 in
2298 1507 2578 1570 abbatia
2623 1507 2714 1572 de

814 1607 1261 1684 Feversham,
1282 1627 1490 1691 quam
1520 1627 1650 1674 rex
1681 1608 2075 1690 Stephanus
2105 1607 2541 1685 fundaverat,
2571 1615 2718 1672 tra-

813 1707 1003 1770 ditur
1038 1708 1439 1789 sepulturae.
1532 1707 1793 1772 Eodem
1832 1726 2014 1771 anno
2047 1706 2093 1771 J
2099 1706 2434 1783 ohanneS,
2467 1725 2714 1770 mona-

813 1807 985 1871 chus
1017 1805 1396 1888 Sagiensis,
1426 1808 1652 1872 factus
1681 1813 1788 1871 est
1817 1799 2202 1870 ²secundus
2231 1807 2522 1870 antistes
2551 1806 2714 1870 Mo-

814 1907 948 1970 niae
978 1905 1253 1984 insulae,
1284 1925 1441 1990 quae
1465 1914 1572 1971 est
1604 1907 1787 1971 inter
1807 1905 2138 1988 Angliam
2171 1912 2244 1969 et
2273 1905 2714 1987 Hiberniam,

813 2006 1267 2089 propinquior
1313 2013 1545 2070 tamen
1595 2005 1916 2088 Angliae;
1985 2006 2166 2070 unde
2220 2011 2292 2069 et
2343 2006 2714 2088 episcopus

812 2105 931 2168 ille
961 2105 1480 2188 archiepiscopo
1512 2106 1828 2190 subjacet
1865 2105 2310 2169 Eboracensi.
2433 2103 2715 2170 Primus

813 2211 1047 2268 autem
1088 2203 1185 2267 ibi
1218 2204 1448 2268 fuerat
1475 2206 1840 2288 episcopus
1859 2204 2302 2282 Wimundu3‚
2333 2205 2716 2270 monachus

815 2302 1264 2381 SaviniensiS,
1299 2305 1421 2368 sed
1450 2312 1734 2387 propter
1765 2304 1916 2388 ejus
1944 2304 2537 2386 inportunitatem
2572 2307 2712 2387 pri-

813 2409 1022 2468 vatus
1056 2401 1193 2466 fuit
1229 2404 1449 2468 oculis
1488 2411 1559 2468 et
1591 2404 1945 2486 expulsus.
2051 2402 2313 2467 Eodem
2335 2423 2518 2468 anno
2541 2406 2717 2470 obiit

812 2501 1235 2581 willelmus,
1264 2504 1630 2587 episcopus
1663 2502 2176 2569 Dunelmensis.
2239 2503 2500 2569 Eodem
2531 2523 2716 2571 anno

816 2598 1234 2666 Gaufridus³
1274 2602 1630 2668 Arthurus
1671 2604 1898 2668 factus
1941 2610 2049 2667 est
2087 2602 2453 2687 episcopus
2487 2607 2718 2670 sancti

813 2700 1059 2784 Asaph
1097 2703 1171 2766 in
1208 2702 1279 2767 N
1282 2704 1620 2781 orwallia,
1663 2704 1784 2785 qui
1821 2703 2180 2767 historiam
2227 2704 2593 2769 Britonum
2629 2705 2719 2771 de

813 2800 1056 2883 lingua
1104 2801 1511 2867 Britannica
1554 2803 1913 2867 transtulit
1951 2802 2028 2865 in
2070 2802 2412 2868 Latinam.
2514 2798 2718 2883 *Quo

814 2901 1021 2963 etiam
1070 2920 1251 2964 anno
1284 2900 1357 2965 in
1392 2902 1700 2984 capitulo
1729 2902 2176 2967 cisterciensi
2209 2910 2556 2967 statutum
2583 2908 2717 2984 est,

816 3019 903 3062 ne
924 3062 929 3067 ,
948 2999 1034 3067 de
1082 3007 1335 3065 caetero
1385 3000 1604 3084 aliqui
1665 3020 1918 3066 novam
1973 3008 2451 3065 construerent
2505 3005 2722 3069 abba-

816 3098 1011 3176 tiam,
1072 3100 1237 3180 quia
1300 3118 1628 3167 numerus
1694 3101 2127 3165 abbatiarum
2187 3100 2377 3166 illius
2453 3103 2721 3169 ordinis

778 3190 1035 3280 'usque
1060 3192 1156 3267 adv
1176 3200 1594 3281 quingentas
1621 3201 1955 3265 excrevit.
2017 3200 2063 3265 J
2071 3200 2378 3266 ohannes
2395 3197 2721 3287 ⁶Papiro,

817 3298 1213 3375 cardinalis,
1248 3298 1596 3381 legatione
1623 3298 1919 3381 fungens
1943 3301 2018 3363 in
2049 3300 2394 3366 Hibernia
2417 3312 2722 3385 quatuor

813 3397 910 3461 ibi
966 3398 1327 3463 constituit
1363 3398 1963 3483 archiepiscopos3
2019 3401 2163 3484 qui,
2202 3401 2364 3465 dum
2404 3421 2530 3485 per
2567 3402 2722 3468 An-

890 3629 1197 3697 ¹Matildis.]
1231 3634 1331 3683 She
1364 3634 1503 3697 died,
1537 3634 1746 3684 accord·
1865 3633 2174 3697 ’Gaffridns
2204 3636 2517 3701 Anbar-usq
2569 3638 2729 3689 θεοῖ·

816 3705 905 3767 ing
936 3707 989 3752 to
1010 3702 1257 3760 Ger-vase,
1290 3720 1355 3753 on
1386 3705 1471 3753 the
1505 3705 1593 3753 5th
1617 3706 1745 3767 May
1795 3706 1906 3767 frey
1924 3706 1984 3756 of
1999 3706 2317 3768 Moumouth,
2336 3707 2422 3756 the
2443 3708 2723 3771 historiam

821 3777 975 3833 11523
1032 3774 1130 3823 col.
1176 3778 1324 3825 13⁷2.
1427 3774 1749 3837 Hagnstaldt
1794 3776 1878 3825 the
1907 3777 2026 3825 time
2063 3774 2123 3825 of
2153 3776 2235 3825 his
2269 3776 2423 3826 death
2459 3778 2507 3827 is
2544 3794 2725 3830 uncer-

816 3845 989 3905 places
1010 3842 1102 3892 her
1122 3844 1275 3893 death
1298 3845 1350 3893 in
1379 3844 1464 3893 the
1497 3859 1624 3906 year
1653 3844 1746 3894 fol·
1792 3847 1912 3894 tain.

814 3914 1021 3974 lowing.
1864 3913 1884 3941 ⁴
1901 3914 2010 3969 Quo
2051 3914 2202 3964 etiam
2233 3916 2414 3979 anno]
2471 3918 2724 3981 Compare

898 3978 1183 4031 'Secundus
1225 3983 1448 4033 antistes.
1470 3978 1498 4051 ]
1558 3983 1744 4033 Chron.
1794 3985 1917 4034 Rec.
1939 3983 2032 4032 des
2055 3984 2195 4035 Hist.
2215 3987 2328 4037 xiii.
2351 3990 2468 4049 295,
2489 3992 2618 4039 note.

819 4050 1063 4100 Nor-man.
1108 4066 1161 4113 p.
1200 4056 1316 4102 986.
1394 4053 1480 4102 He
1516 4068 1626 4102 was
1661 4053 1745 4102 the
1877 4052 2145 4118 ‘Papa-m]
2193 4056 2516 4121 Paparonm,
2536 4073 2595 4106 or
2620 4059 2724 4109 Pa-

816 4119 1002 4169 second
1024 4120 1205 4182 bishop
1228 4122 1358 4171 after
1389 4123 1474 4172 the
1507 4123 1664 4172 union
1695 4122 1754 4173 of
1793 4126 1978 4187 pyri03
2033 4138 2119 4173 see
2161 4125 2315 4188 Pagi,
2352 4127 2420 4175 ad
2455 4142 2540 4177 an.
2575 4132 2725 4191 1151,

816 4189 901 4237 the
925 4203 1011 4239 see
1034 4190 1159 4239 with
1181 4190 1357 4241 sodor.
1794 4194 1822 4256 §
1841 4194 1932 4243 vii.
