3108 5059
856 471 986 538 162
1369 486 1643 534 nocam
1692 486 1786 533 nn
1832 485 2249 534 wimnovna

530 659 641 698 Α».
661 659 776 699 ¹1⁰⁰-
854 646 1144 713 consilio
1177 647 1516 710 baronum
1562 633 1767 726 regni
1792 642 2073 724 Angliae
2116 661 2351 724 regem
2380 659 2535 706 esse
2566 659 2767 706 coro-

528 710 706 749 Charter
721 710 771 749 of

530 760 678 809 Hem-y
693 760 730 800 1.

859 754 1140 825 natum3
1199 753 1272 809 et
1314 746 1481 828 quia
1519 763 1809 826 regnum
1840 761 2251 826 oppressum
2292 748 2445 806 erat
2486 739 2769 825 injustis

857 846 1363 919 exactionibus,
1411 864 1544 926 ego
1587 851 1909 927 respectu
1955 842 2119 921 Dei,
2168 849 2243 906 et
2284 861 2521 906 amore
2564 861 2770 923 quem

857 965 1026 1028 erga
1075 965 1204 1011 vos
1261 963 1497 1009 omnes
1560 944 1808 1021 habeo,
1850 950 2164 1007 sanctam
2222 942 2359 1008 Dei
2406 941 2770 1006 ecclesiam

857 1045 1144 1112 liberam
1178 1045 1382 1122 facio,
1421 1045 1523 1109 ita
1566 1042 1753 1127 quod
1802 1063 1931 1108 nec
1965 1061 2119 1107 eam
2159 1043 2456 1107 vendam
2498 1061 2628 1106 nec
2678 1042 2770 1106 ad

859 1146 1126 1210 firmam
1181 1163 1464 1229 ponam,
1533 1164 1688 1223 nec,
1748 1150 2023 1208 mortuo
2086 1143 2609 1226 archiepiscopo
2656 1140 2771 1207 vel

859 1248 1186 1330 episcopo
1216 1245 1328 1310 vel
1361 1246 1639 1322 abbate,
1686 1244 1951 1326 aliquid
1980 1244 2313 1327 accipiam
2348 1240 2434 1306 de
2464 1240 2771 1306 dominio

861 1347 1196 1424 ecclesiae,
1247 1345 1360 1410 vel
1411 1345 1496 1409 de
1539 1344 1959 1421 hominibus,
2018 1343 2237 1408 donec
2282 1361 2647 1408 successor
2698 1343 2771 1406 in

862 1465 1016 1512 eam
1041 1443 1498 1529 ingrediatur.
1568 1445 1663 1508 Et
1697 1463 1935 1509 omnes
1966 1443 2189 1508 malas
2212 1443 2771 1520 consuetudineS,

864 1547 1114 1631 quibus
1147 1564 1436 1628 regnum
1457 1542 1737 1626 Angliae
1758 1544 2021 1628 injuste
2042 1544 2585 1628 opprimebatur,
2612 1543 2773 1608 inde

863 1647 1128 1725 aufero,
1183 1664 1360 1732 quas
1419 1645 1641 1709 malas
1693 1645 2229 1709 consuetudines
2283 1645 2358 1708 in
2403 1651 2606 1727 parte
2657 1643 2769 1708 hic

864 1767 1072 1830 pono.

963 1848 1083 1912 ‘Si
1123 1847 1280 1931 quis
1319 1847 1660 1911 baronum
1702 1865 2037 1923 meorum,
2082 1844 2417 1909 comitum
2452 1845 2561 1910 vel
2605 1843 2772 1908 alio-

865 1967 1040 2025 rum,
1095 1947 1216 2031 qui
1260 1947 1349 2010 de
1405 1965 1516 2010 me
1565 1952 1830 2023 tenent,
1872 1953 2191 2010 mortuus
2254 1944 2487 2022 fuerit,
2548 1944 2773 2008 haeres

863 2067 1034 2111 suus
1065 2067 1204 2113 non
1236 2046 1528 2111 redimet
1556 2053 1811 2110 terram
1844 2063 2068 2124 suam,
2102 2039 2317 2108 ¹sicut
2345 2044 2575 2108 facere
2609 2064 2773 2109 con-

865 2155 1192 2212 sueverat
1241 2154 1551 2230 tempore
1607 2145 1829 2229 patris
1878 2146 2036 2223 mei,
2080 2145 2203 2209 sed
2246 2145 2449 2229 justa
2491 2152 2564 2208 et
2605 2145 2775 2226 legi-

868 2248 1040 2312 tima
1079 2247 1507 2312 relevatione
1553 2244 1893 2310 relevabit
1943 2264 2138 2325 eam3
2193 2245 2511 2309 similiter
2544 2251 2618 2308 et
2650 2243 2773 2308 ho·-

869 2347 1089 2411 mines
1150 2349 1484 2411 baronum
1535 2365 1844 2410 meorum
1897 2344 2209 2426 legitima
2253 2351 2327 2408 et
2363 2344 2567 2429 justa
2601 2345 2773 2408 rele-

869 2447 1150 2511 vatione
1195 2446 1605 2511 relevabunt
1653 2452 1875 2510 terras
1918 2464 2085 2510 suas
2129 2445 2217 2508 de
2254 2444 2553 2509 dominis
2600 2445 2770 2508 suis,

870 2546 988 2626 Et,
1013 2548 1072 2613 si
1095 2547 1252 2631 quis
1273 2550 1611 2612 baronum
1638 2546 1749 2611 vel
1772 2548 2064 2611 aliorum
2084 2545 2437 2611 hominum
2466 2565 2773 2609 meorum
2821 2570 2833 2580 ·

869 2648 1083 2713 filiam
1129 2668 1326 2712 suam
1391 2647 1667 2712 tradere
1700 2647 2023 2724 voluerit,
2062 2648 2210 2711 sive
2250 2665 2581 2723 sororem,
2624 2646 2773 2710 sive

872 2757 1172 2832 neptem,
1201 2750 1352 2813 sive
1375 2754 1747 2829 cognatam
1770 2748 2044 2831 nuptui,
2062 2765 2327 2810 mecum
2346 2746 2509 2809 inde
2525 2746 2771 2828 loqua-

873 2855 1012 2925 tur,
1048 2848 1170 2913 sed
1203 2867 1427 2931 neque
1459 2866 1593 2930 ego
1622 2847 1886 2930 aliquid
1918 2848 2006 2911 de
2040 2866 2175 2911 suo
2214 2866 2341 2928 pro
2384 2846 2517 2911 hac
2558 2846 2773 2911 licen-

873 2948 973 3011 tia
1025 2948 1386 3031 accipiam,
1435 2966 1662 3030 neque
1712 2946 2076 3011 defendam
2120 2948 2186 3011 ei
2220 2945 2387 3029 quin
2434 2966 2585 3010 eam
2632 2947 2772 3023 det,

873 3056 1170 3130 excepto
1216 3048 1277 3111 si
1312 3066 1464 3111 eam
1501 3046 1669 3110 dare
1701 3048 2003 3111 voluerit
2032 3046 2313 3110 inimico
2342 3066 2539 3126 meo;
2586 3053 2659 3110 et
2690 3047 2773 3125 si,

873 3155 1146 3212 mortuo
1189 3149 1450 3211 barone
1491 3146 1600 3211 vel
1632 3146 1769 3210 alio
1802 3145 2079 3210 homine
2129 3166 2307 3221 meo,
2359 3146 2504 3209 filia
2552 3146 2774 3211 haeres

873 3248 1304 3325 remanserit,
1372 3247 1554 3310 dabo
1620 3245 1813 3309 illam
1879 3266 2033 3309 cum
2098 3245 2386 3310 consilio
2438 3245 2775 3311 baronum

874 3367 1180 3412 meorum
1229 3364 1385 3411 cum
1439 3352 1630 3409 terra
1675 3364 1849 3425 sua3
1918 3353 1990 3410 et
2042 3346 2126 3424 si,
2177 3351 2450 3409 mortuo
2496 3348 2774 3424 marito,

874 3467 1054 3511 uxor
1083 3447 1236 3531 ejus
1265 3446 1675 3509 remanserit
1701 3452 1773 3509 et
1810 3446 1959 3509 sine
1993 3445 2228 3509 liberis
2274 3444 2507 3524 suerit,
2542 3446 2775 3511 dotem

876 3566 1074 3611 suam
1115 3554 1187 3611 et
1230 3539 1712 3627 'maritagium
1751 3545 2055 3623 habebit,
2094 3553 2167 3610 et
2209 3564 2363 3609 eam
2411 3564 2552 3610 non
2596 3546 2778 3611 dabo

873 3647 1150 3724 marito,
1185 3645 1319 3710 nisi
1351 3646 1728 3710 secundum
1759 3645 1938 3710 velle
1968 3665 2193 3710 suum.
2294 3644 2373 3710 Si
2404 3665 2573 3711 vero
2604 3666 2781 3711 uxor

873 3766 1030 3811 cum
1080 3744 1314 3811 liberis
1366 3746 1798 3823 remanserit,
1837 3745 2069 3811 dotem
2116 3765 2319 3811 suam
2370 3753 2443 3811 et
2494 3748 2777 3812 marita-

871 3847 1063 3929 gium
1097 3846 1404 3924 habebit,
1443 3846 1608 3910 dum
1646 3864 1898 3929 corpus
1942 3865 2144 3910 suum
2188 3846 2497 3928 legitime
2539 3866 2775 3912 serva-

872 3947 998 4023 bit,
1035 3953 1107 4011 et
1134 3966 1285 4014 eam
1320 3966 1460 4010 non
1509 3946 1692 4010 dabo
1736 3946 1871 4009 nisi
1915 3944 2292 4011 secundum
2325 3946 2505 4011 velle
2538 3964 2779 4026 suum3

947 4140 961 4171 ¹
985 4142 1130 4195 Sicut
1149 4142 1318 4202 facere
1333 4180 1348 4197 .
1369 4180 1384 4193 .
1401 4179 1415 4194 .
1436 4180 1450 4194 .
1465 4146 1631 4209 patrie
1660 4146 1799 4209 νηοὶ]
1906 4143 2313 4211 ’Mar-uagina]
2330 4148 2345 4175 ‘
2360 4146 2783 4209 Maritationem3’

870 4213 888 4242 ‘
906 4213 1051 4263 Sicut
1095 4212 1317 4265 faciebat
1359 4218 1583 4280 tempore
1627 4216 1798 4267 fratris
1850 4216 1997 4266 Text.
2023 4217 2156 4268 Roff.

870 4283 1022 4344 mei3’
1051 4283 1199 4334 Text.
1224 4283 1356 4338 Roff.
