3108 5059
900 512 1181 561 nonus
1227 512 1772 563 ffls‘romARuM.
2146 500 2277 565 427

371 687 497 731 rex
539 668 962 734 Francorum
994 676 1067 735 et
1100 669 1493 755 Philippus,
1520 672 1760 739 'comes
1794 661 2279 755 'mandi-ensis,
2303 692 2414 733 Am-
2437 692 2551 731 118⁸·

372 785 643 833 crucem
670 776 1021 835 sumentes
1038 772 1433 854 exemplum
1460 773 1619 837 aliis
1647 774 2080 856 potissimum
2101 796 2280 859 proe-

372 869 709 948 buerunt3
763 870 945 934 unde
976 877 1141 935 tam·
1163 871 1237 935 in
1275 872 1591 956 imperio,
1616 894 1825 958 quam
1857 875 1944 939 de
1981 882 2280 960 utroque

376 987 593 1050 regno
626 988 871 1051 regum
910 970 1421 1054 praedictorum,
1452 972 1980 1057 archiepiscopi,
2015 977 2284 1059 episco-

376 1069 473 1152 pi,
508 1068 745 1146 duceS,
784 1069 1215 1137 marchiones
1268 1080 1341 1137 et
1386 1074 1697 1151 comites),
1741 1074 2062 1152 barones,
2105 1076 2282 1141 mili-

376 1175 483 1233 tes
524 1175 596 1234 et
634 1169 880 1234 mediae
914 1188 1167 1237 manns
1206 1170 1521 1237 homines
1563 1174 1952 1258 vulgusque
1991 1177 2286 1257 promis-

380 1287 585 1335 cuum
626 1289 897 1335 crucem
938 1271 1316 1339 animosius
1348 1282 1825 1357 susceperunt.
1914 1274 2285 1341 Provisum

382 1376 491 1435 est
520 1370 731 1434 etiam
774 1370 957 1435 inter
996 1390 1139 1449 eoS,
1187 1379 1267 1436 ut
1309 1392 1548 1437 omnes
1591 1375 1678 1439 de
1715 1394 1932 1457 regno
1981 1376 2288 1441 Franco-

381 1488 533 1535 rum
597 1489 836 1535 cruces
896 1472 1172 1549 rubeaS,
1235 1472 1321 1536 de
1378 1474 1588 1538 terris
1648 1475 1834 1557 regis
1897 1474 2286 1558 Anglorum

272 1651 277 1658 ι
381 1569 603 1647 albas,
646 1571 735 1634 de
789 1576 975 1636 terra
1016 1571 1297 1638 comitis
1362 1573 1812 1655 Flandrensis
1853 1576 2112 1641 virides
2165 1576 2290 1641 ha-

382 1670 625 1735 berent
658 1689 921 1736 cruces.
1016 1672 1129 1737 De
1174 1674 1377 1738 terris
1422 1681 1682 1754 autem,
1723 1676 2030 1740 castellis
2069 1683 2141 1741 et
2179 1696 2287 1741 re-

386 1770 518 1835 bus
580 1772 896 1838 omnibus
950 1790 1174 1856 usque
1227 1782 1515 1857 peraeta
1576 1776 2158 1859 peregrinatione,
2216 1783 2288 1842 et

384 1870 677 1953 quilibet
722 1890 958 1935 eorum
1008 1874 1081 1937 in
1125 1879 1312 1938 terra
1358 1892 1489 1938 sua
1530 1876 1998 1958 quadraginta
2045 1877 2289 1941 diebus

382 1990 645 2038 moram
708 1970 1011 2051 fecisset,
1074 1974 1309 2038 omnia
1362 1982 1596 2039 essent
1642 1976 1714 2039 in
1767 1995 1851 2041 eo
1907 1982 2095 2041 statu
2148 1996 2291 2059 quo

382 2070 665 2146 fuerunt
688 2072 760 2138 in
797 2072 909 2136 die
938 2092 1078 2156 quo
1112 2092 1385 2137 crucem
1412 2082 1890 2159 susceperunt.

389 2261 595 2342 Quare
625 2259 1011 2341 Richardus,
1043 2284 1229 2327 comes
1253 2262 1702 2343 PictaviemiS,
1733 2264 2015 2335 animum
2045 2286 2226 2331 sum
2251 2287 2298 2330 a

1034 2372 1228 2450 patre
1255 2363 1646 2457 alienaverit.

490 2479 726 2552 Circa¹
761 2486 911 2552 dies
943 2486 1119 2553 istos
1150 2486 1534 2553 Gaufridus
1566 2487 1650 2552 de
1688 2487 2044 2553 Liziniaco
2075 2508 2293 2572 quen-
2319 2504 2537 2597 3333112

388 2587 549 2650 dam
619 2587 996 2664 Richardo,
1062 2587 1297 2652 comiti
1371 2587 1823 2665 Pictaviensi,
1885 2588 2295 2654 familiarem
2470 2583 2482 2594 ’

390 2686 677 2751 structis
732 2688 1003 2752 insidiis
1057 2687 1449 2768 interfecit3
1510 2689 1585 2752 in
1630 2687 1811 2753 tanti
1862 2707 2029 2753 vero
2086 2689 2296 2753 ultio-

392 2807 547 2852 nem
599 2787 835 2852 delicti
880 2807 1111 2852 comes
1163 2788 1254 2852 ad
1294 2807 1489 2851 arma
1523 2794 1967 2871 provocatur,
2011 2789 2133 2853 sed
2179 2806 2296 2853 ac·

390 2893 612 2970 ceptae
669 2888 893 2952 crucis
954 2908 1095 2953 non
1137 2888 1497 2952 immemor
1537 2889 1856 2954 omnibus
1907 2889 2296 2954 hominibus

394 2985 719 3052 Gaufridi
750 2986 976 3053 crucis
1010 2989 1371 3070 signaculo
1404 2989 1720 3070 insigniri
1752 2989 2145 3054 volentibus
2179 3009 2300 3072 pe-

393 3088 637 3170 percit,
694 3088 869 3152 alios
915 3088 988 3153 in
1044 3108 1162 3153 ore
1219 3088 1434 3171 gladii
1491 3087 1863 3167 interfecit,
1928 3096 1999 3153 et
2035 3089 2128 3152 in
2177 3090 2299 3154 de-

394 3188 724 3260 ditionem
767 3187 971 3270 plura
1005 3188 1295 3252 castella
1332 3189 1678 3270 suscepit3
1725 3188 1849 3252 sed
1890 3187 2298 3267 Ganfridus,

394 3288 580 3370 regis
615 3285 1008 3370 Anglorum
1049 3289 1267 3353 fultus
1311 3289 1608 3372 pecunia
1639 3295 1711 3353 et
1755 3289 2043 3366 anxilio,
2082 3296 2162 3353 nt
2195 3289 2298 3353 di-

396 3388 727 3464 cebatur,-
752 3387 1106 3453 Richardo
1152 3380 1385 3453 comiti
1429 3388 1686 3453 restitit
1729 3395 1801 3453 et
1845 3391 2090 3472 parum
2136 3409 2297 3472 pro-

394 3487 583 3565 fecit,
631 3487 814 3551 unde
864 3488 1047 3552 idem
1104 3507 1335 3553 comes
1390 3488 1694 3554 animum
1749 3508 1952 3553 suum
2003 3508 2049 3553 a
2099 3497 2300 3572 patre

396 3587 749 3652 alienavit.
827 3586 1166 3653 Gaufrido
1209 3589 1451 3671 itaque
1490 3595 1844 3671 superato,
1890 3608 2120 3653 comes
2158 3597 2299 3654 ter-

394 3707 547 3768 ram·
584 3688 854 3752 comitis
886 3688 1269 3753 Tholosani
1314 3688 1659 3753 hostiliter
1700 3688 2080 3772 ingressus,
2117 3689 2302 3773 inju-

396 3788 617 3852 riatus
654 3789 744 3852 ab
776 3789 954 3871 ipso,
991 3789 1179 3852 intra
1210 3790 1416 3853 breve
1450 3789 1782 3872 temporis
1813 3789 2116 3872 spatium
2149 3808 2302 3854 cas-

397 3888 565 3951 tella
610 3888 763 3971 ejus
807 3887 1274 3971 septendecim
1326 3888 1754 3972 subjugavit.
1862 3889 2024 3953 Rex
2069 3896 2301 3953 autem

402 3987 828 4052 Francorum
878 3988 1161 4071 indigne
1208 3989 1433 4052 ferens
1477 3988 1666 4071 quod
1722 4008 1952 4053 comes
2009 3988 2304 4054 Richar-

401 4088 531 4151 dus
581 4096 839 4152 terram
882 4089 1153 4156 comitis
1202 4088 1586 4153 Tholosani
1628 4091 1982 4171 ingressus
2034 4089 2307 4168 fuisset,

582 4385 587 4392 .
643 4315 657 4346 ¹
686 4317 833 4368 Circa
854 4316 957 4366 dies
982 4309 1145 4386 istem]
1182 4315 1444 4379 Abridged
1467 4315 1594 4366 from
1619 4316 1818 4380 Dicet0‚
1843 4317 1939 4367 col.
1963 4321 2077 4368 639.
