3108 5059
895 493 1173 542 nonas
1222 493 1765 544 alsi-onmium.
2141 479 2274 544 259

361 650 645 714 clesiam
682 652 1032 733 perduxit,
1066 653 1186 715 ubi
1233 673 1357 736 per
1396 654 1543 719 dies
1579 653 1970 738 quindecim
2007 655 2270 718 oratio-.

362 751 567 814 nibus
602 751 897 816 devotus
933 753 1265 831 instabat,
1296 762 1369 818 et
1401 754 1541 818 illis
1575 757 1677 819 sic
1711 755 1954 820 diebus
1985 755 2265 837 elapsis,

358 870 565 915 mane
616 853 833 916 missa
891 871 935 915 a
987 854 1217 934 priore
1280 854 1655 933 celebrata,
1707 875 1910 920 sacra
1959 875 2264 920 commu-

354 953 565 1016 nione
624 952 913 1016 militem
974 955 1450 1030 communivit,
1521 955 2039 1039 adductumque
2107 977 2264 1038 spe-

358 1050 587 1116 luncae
619 1053 980 1116 introitum
1020 1072 1207 1136 aqua
1238 1051 1395 1117 eum
1429 1055 1798 1119 benedicta
1841 1056 2161 1138 aspersit,
2193 1065 2265 1121 et

358 1160 603 1234 aperto
634 1153 815 1216 ostio
848 1152 1051 1230 dixit,
1080 1159 1101 1187 ‘
1128 1153 1310 1217 Ecce
1337 1174 1520 1218 nunc
1557 1155 1850 1219 intrabis
1887 1157 1957 1218 in
1986 1157 2262 1220 nomine

360 1251 403 1314 J
408 1272 533 1316 esu
572 1253 860 1330 Christi,
890 1261 961 1317 et
995 1273 1119 1336 per
1151 1256 1658 1320 concavitatem
1703 1256 2054 1337 speluncae
2085 1263 2260 1319 tam-

361 1351 477 1415 diu
522 1352 935 1442 ambulabiS,
983 1354 1201 1418 donec
1257 1355 1331 1419 in
1383 1375 1598 1418 unum
1644 1374 1965 1438 campum
2016 1354 2258 1420 exiens

364 1453 593 1516 aulam
621 1453 937 1517 invenies
966 1453 1533 1519 artificiosissime
1563 1454 1970 1520 fabricatam
1997 1476 2014 1533 ;
2039 1475 2256 1538 quam

361 1572 513 1616 cum
564 1554 921 1634 ingressus
966 1553 1201 1631 fueriS,
1238 1557 1477 1620 statim
1524 1575 1614 1618 ex
1661 1562 1860 1638 parte
1907 1555 2042 1620 Dei
2085 1575 2261 1619 nun-

302 1709 317 1726 ,
362 1655 494 1718 tios
528 1653 841 1730 habebiS,
872 1653 992 1736 qui
1026 1653 1153 1718 tibi
1197 1655 1311 1737 pie
1343 1656 1513 1738 quid
1547 1656 1764 1720 facies
1807 1656 2260 1720 indicabunt.’

362 1754 492 1817 Vir
546 1761 781 1818 autem
827 1754 947 1817 ille
994 1755 1264 1818 virilem
1299 1775 1547 1837 gerens
1601 1757 1906 1820 animum
1953 1756 2043 1818 ad
2085 1775 2262 1838 pug-

360 1873 516 1918 nam
552 1855 945 1919 daemonum
973 1855 1305 1919 audacter
1337 1856 1682 1939 prorupit,
1715 1863 1926 1937 atque
1957 1856 2260 1920 omnium

358 1975 432 2018 se
492 1955 923 2020 orationibus
966 1956 1455 2020 commendans
1497 1957 1798 2021 frontem
1843 1975 2044 2020 suam
2080 1955 2258 2019 vivi-

358 2054 505 2119 ficae
548 2056 779 2119 crucis
840 2055 1042 2136 signo
1092 2057 1391 2120 munivit
1436 2063 1509 2120 et
1550 2055 1940 2138 intrepidus
1983 2062 2258 2138 portam

358 2155 667 2233 intravit,
714 2163 809 2232 et,
855 2157 1035 2220 ostio
1079 2163 1239 2238 post
1278 2175 1437 2220 eum
1478 2157 1829 2233 obseram,
1870 2156 2062 2238 prior
2105 2176 2258 2220 cum

357 2257 793 2338 processione
822 2256 1181 2321 ecclesiam
1216 2257 1565 2339 repetivit.

502 2433 681 2514 Quod
706 2432 880 2496 miles
906 2432 1001 2496 ad
1024 2431 1243 2496 aulam
1258 2432 1624 2516 perveniens
1653 2453 1787 2496 eam
1820 2432 2105 2495 intravit.

458 2560 665 2623 Miles
709 2560 947 2641 itaque
982 2579 1107 2641 per
1150 2557 1553 2641 speluncam
1602 2557 1937 2641 audacter
1975 2576 2254 2637 progre-

357 2661 549 2724 diens
606 2659 839 2723 lumen
911 2656 1247 2741 paulatim
1314 2658 1531 2722 totius
1591 2656 1930 2721 claritatis
1997 2656 2254 2731 amisit,

356 2762 477 2824 sed
504 2761 811 2837 tandem,
844 2756 1065 2842 parvo
1089 2759 1349 2823 lumine
1380 2764 1784 2841 apparente,
1818 2755 1906 2819 ad
1935 2774 2257 2837 campum

357 2857 765 2944 praedictum
807 2860 1127 2942 pervenit
1156 2867 1229 2923 et
1274 2858 1547 2939 aulam;
1595 2857 1724 2921 lux
1767 2857 1863 2920 ibi
1907 2875 2046 2920 non
2083 2864 2257 2933 erat,

354 2962 485 3025 nisi
519 2956 751 3045 qualis
794 2962 867 3023 in
898 2980 1192 3042 vespera
1233 2959 1346 3023 hic
1385 2959 1701 3034 habetur,
1747 2956 1910 3021 aula
1954 2956 2257 3041 parietes

359 3079 493 3127 non
536 3056 865 3139 habebat,
904 3060 1026 3124 sed
1062 3059 1401 3124 columnis
1436 3065 1588 3123 erat
1630 3077 1756 3140 per
1798 3077 2048 3141 gyrum
2092 3058 2256 3120 sub-

2295 672 2406 712 AJ).
2431 674 2542 712 1158.

2293 723 2463 771 Legem
2473 724 2597 762 oftbe

2290 779 2515 822 purgator-y
2531 775 2580 813 ot

2291 825 2332 863 S.
2354 824 2506 864 Patrio.

356 3164 549 3239 nixa,
580 3168 661 3225 ut
699 3162 1078 3225 claustrum
1122 3160 1304 3225 solet
1344 3159 1865 3249 monachorum:
1971 3156 2254 3237 Ingres-
2320 3242 2328 3247 ἱ

356 3282 615 3347 susque
648 3279 827 3339 eam,
861 3268 933 3325 et
964 3262 1155 3325 intus
1198 3261 1473 3338 sedens,
1504 3258 1744 3325 oculos
1779 3256 2088 3320 studiose
2121 3256 2256 3320 huc

356 3358 661 3446 illucque
708 3362 1077 3439 convertit,
1142 3361 1493 3424 admirans
1547 3359 1737 3423 illius
1802 3355 2256 3439 pulchritudi-

355 3484 510 3527 nem
564 3470 638 3527 et
700 3469 1179 3541 structuram3
1242 3462 1361 3524 ubi
1410 3480 1568 3523 cum
1634 3458 1994 3542 paululum
2065 3456 2256 3520 solus

356 3565 674 3640 sed-isset,
722 3582 881 3627 ecce
942 3561 1335 3644 quin-decim
1392 3560 1525 3625 viri
1581 3559 1782 3642 quasi
1840 3556 2148 3638 religiosi
2187 3562 2257 3619 et

355 3678 575 3749 nuper
619 3664 785 3741 rasi,
827 3662 1141 3745 albisque
1190 3662 1497 3727 vestibus
1548 3659 1798 3734 induti,
1843 3658 2106 3738 regia-m
2151 3657 2256 3717 ins

359 3770 759 3841 traverunt,--
784 3770 857 3827 et
900 3762 1287 3827 salutantes
1328 3780 1487 3825 eum
1532 3760 1605 3823 in
1645 3758 1920 3822 nomine
1973 3756 2258 3820 Domini

357 3865 843 3931 consederunt.
957 3863 1184 3940 Tunc,
1236 3862 1393 3926 aliis
1449 3859 1868 3933 tacentibuS,
1924 3875 2106 3919 unus
2157 3853 2261 3917 lo-

356 3967 702 4049 quebatur
736 3982 892 4028 cum
935 3964 1094 4045 ipso·
1122 3963 1384 4039 dicenS,
1432 3967 1451 3996 ‘
1476 3959 1898 4027 Benedictus
1935 3957 2026 4021 sit
2064 3957 2260 4020 Deus

356 4060 822 4149 omnipotenS,
872 4064 991 4147 qui
1022 4065 1279 4128 bonum
1320 4062 1449 4127 tibi
1484 4060 1919 4144 propositum
1965 4057 2264 4141 inspira-

355 4168 481 4245 vit,
516 4173 595 4230 ut
641 4186 769 4248 pro
809 4165 1116 4247 peccatis
1160 4164 1301 4228 tuis
1347 4161 1831 4245 purgatorium
1877 4158 2009 4221 hoc
2048 4158 2268 4222 intra·-

356 4286 505 4349 res3
544 4266 695 4345 sed,
726 4266 861 4329 nisi
887 4272 956 4329 te
978 4264 1277 4331 viriliter
1307 4263 1593 4340 habeas,
1622 4280 1908 4345 corpore
1939 4265 2011 4322 et
2039 4258 2271 4322 anima

1974 4392 1997 4425 s
2019 4382 2052 4425 2
