3108 5059
951 499 1232 547 rmus
1279 500 1823 550 HISTORIARUM.
2204 487 2337 551 443

435 651 543 714 sui
593 653 769 717 citra
796 672 986 716 mare
1026 661 1096 718 et
1129 653 1356 732 ultra;
1411 661 1483 718 et
1525 654 1760 718 nullus
1808 655 2149 720 baronum
2188 657 2336 722 sive
2362 676 2475 718 an.
2498 677 2611 714 uso.

433 750 752 830 militum,
783 753 903 834 qui
936 753 1008 816 in
1040 753 1172 818 hac
1199 771 1422 818 werra
1449 753 1746 818 adhaesit
1774 755 2012 819 comiti
2042 755 2337 819 Richar-

435 849 550 926 do,
602 852 690 918 de
723 859 976 918 caetero
1020 853 1272 919 redibit
1319 853 1412 918 ad
1462 872 1699 934 regem
1732 851 2037 936 Angliae,
2088 855 2223 920 nisi
2264 855 2337 918 in
2416 901 2421 905 -

434 949 680 1015 ultimo
709 970 970 1029 mense,
1003 958 1170 1017 ante
1205 953 1579 1042 motionem
1620 971 1861 1035 regum
1904 973 2149 1019 versus
2194 961 2336 1020 ter·
2434 1003 2439 1008 -
2523 1003 2525 1005 >
2565 993 2569 998 ³

435 1067 586 1112 ram
617 1057 958 1127 sanctam,
1002 1051 1202 1135 cujus
1247 1051 1583 1118 terminus
1625 1052 1700 1118 in
1742 1052 1971 1118 media
2015 1053 2337 1132 Quadra-

435 1148 702 1228 gesima
762 1149 917 1214 erit.
1021 1151 1242 1216 Dabit
1304 1157 1643 1233 praeterea
1700 1152 1851 1234 regi
1910 1152 2337 1218 Francorum

437 1265 566 1328 pro
609 1248 961 1314 laboribus
1004 1251 1150 1315 suis
1183 1251 1257 1314 in
1299 1250 1633 1334 obsequio
1674 1251 1947 1317 comitis
1999 1251 2337 1318 Richardi

435 1347 763 1429 impensis
809 1348 1060 1432 viginti
1111 1349 1328 1416 millia
1381 1361 1654 1416 marcas
1701 1351 2029 1433 argenti3
2094 1360 2169 1417 et
2210 1372 2337 1418 rex

439 1445 861 1514 Francorum
917 1455 990 1516 et
1047 1467 1276 1515 comes
1329 1449 1726 1517 Richardus
1777 1452 2111 1517 tenebunt
2164 1453 2337 1517 civi-

438 1551 621 1610 tates
677 1546 1259 1614 Cenomannicam
1325 1557 1398 1614 et
1464 1549 1917 1628 Turonicam,
1975 1569 2133 1616 cum
2182 1571 2339 1616 cas-

436 1645 622 1711 tellis
666 1646 752 1710 de
796 1647 980 1720 Leir,
1026 1648 1114 1714 de
1155 1648 1376 1726 Trou,
1417 1649 1639 1714 donec
1682 1650 1917 1717 omnia
1955 1650 2129 1714 fiant
2180 1671 2339 1733 quae

437 1752 601 1811 sunt
655 1746 1060 1828 praelocuta.
1165 1747 1254 1814 In
1298 1748 1430 1812 hoc
1475 1756 1715 1814 autem
1756 1757 2011 1814 eventu
2063 1750 2341 1814 videtur

437 1845 804 1927 prophetia
831 1846 1113 1912 Merlini
1145 1847 1513 1930 completa,
1541 1867 1701 1930 quae
1733 1848 1922 1924 dicit,
1960 1841 1979 1880 ¹
1995 1854 2015 1884 ‘
2032 1850 2340 1915 Dabitur

439 1945 744 2010 maxillis
808 1945 872 2030 ej
881 1965 964 2010 us
1019 1945 1336 2025 fraenum,
1385 1947 1573 2029 quod
1634 1948 1709 2012 in
1764 1947 2130 2014 Armorico
2178 1948 2339 2014 sinu

435 2043 884 2111 fabricabitur
899 2041 937 2125 ;’
965 2045 1259 2111 fraenum
1291 2065 1571 2130 quoque
1604 2048 1911 2112 maxillis
1944 2048 2117 2132 ejus,
2146 2049 2340 2114 vide*-

435 2142 601 2208 licet
639 2145 823 2226 regis
851 2144 1158 2228 Angliae,
1207 2153 1315 2210 est
1369 2146 1636 2224 datum,
1683 2146 1871 2224 dum,
1923 2147 2111 2230 quod
2165 2167 2342 2231 prae-

437 2241 834 2310 decessores
875 2246 984 2308 sui
1015 2245 1457 2310 haereditario
1492 2245 1655 2329 jure
1698 2247 1771 2310 in
1797 2244 2111 2312 Avernia
2138 2253 2341 2314 tenu-

439 2350 666 2420 erant,
699 2343 1002 2410 dominio
1035 2345 1331 2427 subJecit
1363 2345 1691 2421 alterius;
1746 2345 1913 2409 dum
1943 2343 2342 2426 transfugas

439 2460 630 2516 suos,
663 2441 1080 2506 Gaufridum
1107 2443 1373 2506 scilicet
1403 2441 1492 2506 de
1521 2441 1902 2519 Meduana,
1949 2441 2341 2508 Gnidonem

439 2540 526 2603 de
547 2540 782 2617 Valle,
828 2540 1279 2623 Radulphum
1329 2541 1416 2605 de
1465 2529 1838 2623 Fulgeriis,
1882 2543 2073 2607 intra
2114 2543 2342 2608 sinum

439 2639 836 2705 habitantes
889 2639 1356 2718 Armoricum,
1397 2639 1470 2703 id
1520 2648 1630 2705 est
1670 2640 2179 2718 Britannicum,
2223 2643 2343 2725 qui

437 2740 630 2805 sinus
679 2740 1052 2805 transitum
1108 2739 1520 2805 facientibus
1573 2759 1617 2803 a
1671 2738 2042 2805 Britannia
2099 2759 2343 2805 versus

442 2839 812 2903 Franciam
861 2858 938 2904 se
987 2839 1352 2921 pacificum
1416 2844 1488 2903 et
1537 2839 2057 2903 commeabilem
2100 2839 2341 2905 offere-

439 2938 585 3016 bat,
623 2939 862 3003 vitatis
908 2938 1160 3001 finibus
1213 2936 1803 3015 Normannorum,
1854 2939 1928 3003 in
1979 2939 2343 3020 ligantiam

439 3042 512 3099 et
561 3042 980 3118 potestatem
1041 3034 1168 3099 filii
1233 3036 1344 3099 sui
1409 3035 1771 3114 Richardi,
1837 3037 2051 3102 vellet
2101 3038 2343 3115 nollet,

440 3136 733 3199 transire
762 3134 1130 3199 concessit.

651 3304 720 3369 U
709 3314 735 3369 t
766 3305 1102 3391 insperator
1133 3305 1452 3371 Romanus
1485 3306 1606 3369 iter
1618 3308 2147 3395 per-estimationis

1245 3405 1554 3491 armspuit.

543 3526 748 3593 Circa
789 3527 938 3594 dies
979 3528 1177 3605 istos,
1221 3528 1294 3594 in
1337 3528 1518 3597 festo
1562 3530 1788 3595 sancti
1823 3530 2136 3611 Georgii,
2174 3530 2343 3595 Fre·
2370 3549 2460 3589 rue

443 3628 736 3705 defiens,
765 3628 1141 3709 imperator
1170 3620 1551 3705 Romanus,
1587 3629 1743 3692 loca
1764 3630 2151 3695 Dominicae
2180 3649 2342 3712 pas·
2366 3597 2628 3699 ἷῗιῗιῗῖιῖἷέο.

443 3726 656 3791 sionis
727 3725 1137 3792 visitaturus
1207 3727 1785 3809 peregrinationis
1846 3729 1983 3791 iter
2050 3729 2344 3811 arripuit

445 3826 631 3909 apud
681 3826 1262 3907 Remesburgum,
1314 3824 1686 3890 transitum
1733 3846 1858 3910 per
1896 3826 2345 3909 Hungariam

443 3933 514 3989 et
544 3925 974 4007 Bulgariam,
1007 3926 1189 3988 sicut
1219 3932 1700 4008 proposuerat,
1733 3927 2120 3992 habiturus·

517 4143 534 4176 ¹
553 4147 772 4197 Dabitur
800 4148 1077 4213 mascalia]
1121 4150 1238 4201 Vol.
1262 4151 1298 4202 i.
1321 4166 1376 4213 p.
1398 4154 1494 4213 253
1529 4166 1614 4202 see
1636 4152 1721 4203 the
1743 4160 1990 4206 comment
2010 4156 2081 4217 by
2102 4156 2255 4205 Alan.
2282 4156 2349 4203 de

445 4216 657 4278 Insulis,
682 4221 829 4281 1608,
851 4234 905 4279 p.
934 4222 1018 4269 97.
