3108 5059
487 664 540 703 A.
548 665 600 703 D.
620 666 636 703 1
649 665 734 703 164.

483 714 795 755 Constitutionn

489 766 536 808 of
545 765 792 808 eluendon.

809 479 944 544 300
1330 491 1601 540 Rocfflu
1648 492 1746 538 nn
1792 489 2205 540 wmmovmt

817 650 1099 716 vadium
1151 659 1222 717 et
1273 651 1579 735 plegium
1636 650 1869 715 standi
1918 650 2184 734 judicio
2240 647 2551 713 ecclesiae
2606 645 2731 712 ubi

815 753 1294 818 absolvuntur.

811 905 820 913 .
915 852 1114 917 Laici
1155 871 1296 938 non
1340 853 1596 917 debent
1640 849 1982 927 accusari,
2032 849 2167 912 nisi
2210 867 2337 932 per
2378 855 2606 915 certos
2654 854 2727 911 et

813 951 1164 1034 legitimos
1197 960 1645 1018 accusatores
1688 959 1760 1016 et
1803 958 2019 1016 testes
2061 950 2135 1013 in
2169 949 2545 1032 praesentia
2577 947 2725 1030 epi·-

813 1052 1034 1136 scopi,
1094 1052 1200 1121 ita
1261 1052 1448 1136 quod
1512 1051 2041 1116 archidiaconus
2097 1068 2240 1113 non
2298 1048 2547 1132 perdat
2601 1047 2725 1132 jus

811 1159 1018 1220 suum
1072 1171 1199 1218 nec
1250 1154 1621 1236 quicquam
1667 1151 1854 1235 quod
1905 1149 2067 1214 inde
2120 1148 2377 1214 habere
2430 1149 2723 1227 debean

815 1259 889 1319 et
916 1253 977 1316 si
1012 1252 1190 1317 tales
1223 1252 1506 1329 fuerint,
1546 1253 1671 1334 qui
1713 1251 2109 1334 culpantur,
2148 1248 2334 1332 quod
2380 1269 2521 1313 non
2550 1249 2723 1314 velit

815 1353 930 1417 vel
973 1373 1115 1417 non
1161 1353 1419 1418 audeat
1467 1351 1721 1434 aliquis
1772 1368 2103 1415 accusare
2148 1367 2295 1428 eOS,
2336 1349 2723 1414 vicecomes

811 1452 1193 1535 requisitus
1260 1455 1350 1518 ab
1411 1453 1741 1535 episcopo
1793 1450 2009 1516 saciat
2062 1449 2319 1534 jurare.
2360 1448 2724 1514 duodecim

813 1551 1080 1634 legales
1123 1552 1436 1620 homines
1485 1551 1572 1616 de
1625 1553 1896 1617 visneto
1946 1551 2099 1615 sive
2140 1549 2227 1613 de
2275 1550 2445 1615 villa
2487 1566 2724 1612 coram

818 1652 1168 1737 episcopo,
1200 1651 1386 1736 quod
1417 1652 1784 1718 veritatem
1816 1649 2195 1732 secundum
2225 1649 2724 1715 conscientiam

813 1771 1018 1820 suam
1051 1752 1621 1819 manifestabunt.

920 1852 1178 1918 Nullus
1210 1854 1331 1937 qui
1366 1853 1452 1916 de
1480 1871 1645 1934 rege
1679 1857 1869 1915 tenet
1901 1851 1976 1914 in
2007 1851 2261 1934 capite,
2301 1869 2429 1915 nec
2470 1847 2727 1932 aliquis

815 1953 1317 2019 dominicorum
1347 1953 1820 2020 ministrorum
1852 1950 2029 2035 ejus,
2068 1949 2727 2026 excommunicetur,

819 2072 946 2117 nec
982 2053 1278 2138 alicujus
1327 2073 1565 2118 eorum
1606 2060 1809 2116 terrae
1851 2051 1981 2114 sub
2031 2051 2401 2116 interdicto
2453 2069 2727 2134 ponan-

816 2160 957 2231 tur,
1005 2153 1140 2218 nisi
1185 2154 1375 2236 prius
1403 2151 1747 2217 ‘dominus
1798 2170 1949 2228 rex,
1990 2151 2053 2216 si
2102 2151 2177 2218 in
2222 2170 2439 2232 regno
2490 2149 2726 2227 fuerit,

818 2254 1295 2330 conveniatur,
1329 2252 1444 2320 vel
1465 2251 1900 2337 justiciarius
1936 2250 2113 2335 ejus,
2164 2251 2224 2315 si
2267 2251 2475 2315 fuerit
2518 2258 2725 2316 extra

813 2373 1134 2434 regnum,
1181 2362 1260 2418 ut
1299 2360 1564 2419 rectum
1613 2352 1698 2416 de
1734 2371 1816 2415 eo
1858 2350 2072 2416 faciat
2104 2371 2122 2431 3
2170 2359 2240 2416 et
2268 2351 2396 2429 ita,
2428 2359 2506 2415 ut
2535 2351 2724 2433 quod

816 2453 1189 2537 pertinebit
1220 2453 1309 2519 ad
1331 2453 1514 2536 regis
1550 2452 1813 2518 curiam
1846 2451 1942 2519 ibi
1964 2450 2393 2531 terminetur,
2420 2459 2491 2515 et
2519 2451 2606 2514 de
2640 2471 2723 2515 eo

813 2554 1004 2637 quod·
1027 2563 1300 2639 spectat
1326 2555 1414 2618 ad
1445 2554 1707 2619 curiam
1740 2552 2281 2619 ecclesiasticam
2316 2552 2406 2618 ad
2436 2552 2725 2617 eandem

811 2656 1138 2724 ¹mittatur
1170 2664 1249 2720 ut
1283 2654 1533 2719 ibidem
1570 2654 1999 2718 terminetur.
2030 2688 2033 2693 ·

805 2802 815 2810 .
919 2755 1030 2819 De
1062 2755 1670 2838 appellationibus,
1706 2753 1767 2817 si
1798 2753 2222 2831 emerserint,
2258 2753 2347 2817 ab
2382 2753 2725 2817 archidia-

814 2868 993 2921 cono
1049 2848 1333 2919 ¹debent
1395 2854 1769 2938 procedere
1820 2854 1908 2917 ad
1965 2852 2391 2937 episcopum,
2442 2855 2531 2917 ab
2576 2854 2726 2936 epi-

811 2973 1029 3038 scopo
1080 2956 1166 3019 ad
1216 2954 1834 3038 archiepiscopum,
1894 2961 1991 3031 et,
2046 2953 2109 3017 si
2162 2952 2725 3036 archiepiscopus

815 3053 1116 3123 defuerit
1153 3055 1230 3119 in
1272 3054 1557 3140 justitia
1604 3053 2022 3131 exhibenda,
2070 3052 2159 3117 ad
2213 3053 2568 3117 dominum
2612 3073 2725 3119 re-

812 3174 975 3236 gem
1037 3154 1576 3239 perveniendum
1638 3161 1747 3219 est
1809 3160 2183 3237 postremo,
2235 3160 2317 3217 ut
2370 3162 2724 3236 praecepto

817 3254 1034 3336 ipsius
1078 3256 1150 3319 in
1190 3256 1382 3319 curia
1422 3255 1923 3338 archiepiscopi
1972 3254 2447 3319 controversia
2490 3254 2728 3319 termi-

816 3363 1049 3433 netur,
1082 3356 1185 3420 ita
1227 3355 1414 3439 quod
1472 3375 1614 3419 ‚non
1652 3348 1891 3419 ²debet
1927 3355 2114 3417 ultra
2160 3352 2531 3437 procedere
2565 3355 2727 3420 abs-

811 3474 952 3537 que
983 3475 1282 3522 assensu
1317 3454 1579 3519 domini
1612 3455 1819 3536 regis·
2627 3444 2635 3453 ’

916 3555 990 3619 Si
1048 3555 1394 3619 calumnia
1435 3555 1801 3619 'emerserit
1850 3552 2033 3619 inter
2085 3552 2406 3617 clericum
2468 3561 2541 3618 et
2593 3554 2725 3618 lai-

811 3674 998 3733 cum,
1046 3656 1158 3722 vel
1220 3676 1258 3719 e
1314 3674 1674 3732 converso,
1736 3653 1821 3719 de
1889 3653 2033 3717 ullo
2086 3659 2477 3718 tenemento
2534 3655 2722 3738 quod

813 3755 1108 3823 clericus
1155 3757 1328 3822 velit
1369 3755 1460 3819 ad
1519 3754 2024 3837 eleemosynam
2076 3752 2372 3831 trahere,
2425 3754 2539 3817 vel
2592 3754 2724 3819 lai-

817 3874 938 3919 cus
987 3857 1076 3921 ad
1127 3856 1382 3920 laicum
1435 3854 1737 3930 feodum,
1784 3874 1909 3937 per
1958 3853 2497 3934 recognitionem
2550 3854 2723 3919 duo-

813 3955 1039 4019 decim
1093 3955 1426 4037 legalium
1479 3954 1834 4019 hominum
1878 3954 2097 4037 juxta
2143 3953 2461 4036 capitalis
2506 3953 2723 4038 justi-

813 4056 1012 4118 ciarii
1059 4057 1246 4135 regis
1281 4055 1902 4120 considerationem
1938 4052 2442 4130 terminabitur,
2488 4062 2727 4122 utrum

885 4239 1109 4289 'Debent
1139 4212 1435 4307 procede-ra]
1484 4245 1500 4271 ‘
1515 4244 1738 4293 Debebit
1866 4239 1886 4268 ²
1899 4241 2057 4290 Debet
2083 4241 2213 4289 ultra
2240 4241 2549 4305 procedere]
2585 4242 2604 4270 ‘
2620 4242 2729 4291 Dev-

809 4311 1016 4375 procedi
1037 4311 1070 4373 ;’
1101 4312 1260 4363 Wilk.
1794 4314 1909 4361 beat
1930 4313 2063 4362 ultra
2084 4310 2289 4374 procedi
2306 4305 2337 4371 ς’
2370 4310 2531 4361 Wilk.
