3108 5059
915 463 1047 530 108
1427 481 1699 529 noossm
1746 481 1843 529 ns
1888 481 2309 534 wunnovmt

594 666 706 708 Α».
728 665 840 707 nm.
907 639 1058 723 jam
1094 647 1297 706 nocte
1327 640 1556 705 media
1589 641 2029 718 adveniente,
2058 658 2217 704 cum
2246 659 2323 704 se
2366 638 2619 704 civitas
2660 641 2826 703 unio

593 718 892 810 Rem..
918 759 1124 806 versa
1151 741 1370 824 quieti
1401 741 1736 819 dedisset,
1765 742 2213 824 interpretem
2244 739 2699 806 domesticum
2731 740 2825 804 ad

917 842 1325 924 praedictum
1377 842 1617 924 dirigit
1660 842 1981 920 amicum,
2030 847 2111 906 ut
2153 842 2243 905 ab
2288 841 2445 923 ipso
2493 839 2825 925 inquirat,

917 948 1154 1010 utrum
1211 942 1346 1007 sibi
1403 942 1633 1006 adhuc
1688 942 1953 1007 domini
2014 941 2125 1005 sui
2179 940 2515 1005 familiam
2574 940 2825 1006 adesse

917 1041 1110 1107 velit.
1213 1040 1619 1110 Adveniens
1671 1049 1902 1108 autem
1971 1040 2257 1106 nuntius
2320 1040 2466 1119 ille,
2530 1058 2694 1106 cum
2756 1042 2821 1105 ei

917 1143 1132 1208 verba
1156 1142 1417 1213 domini
1451 1143 1561 1208 sui
1594 1143 2060 1228 exposuisset,
2088 1141 2444 1226 respondit
2474 1141 2563 1220 ei,
2592 1145 2614 1178 ‘
2640 1141 2821 1207 Sede

917 1242 1032 1314 hic
1074 1242 1351 1325 quietus
1391 1250 1466 1308 et
1508 1251 1691 1322 tace,
1732 1243 1953 1308 donec
2000 1249 2311 1308 revertar
2350 1241 2443 1307 ad
2478 1242 2596 1306 te.’
2690 1242 2825 1307 Ille

917 1362 1086 1414 vero
1114 1344 1474 1427 paululum
1507 1351 1925 1427 exspectans
1958 1362 2321 1427 quousque
2350 1343 2687 1426 magister
2716 1343 2821 1407 vi-

920 1443 1167 1526 gilum,
1216 1444 1337 1526 qui
1391 1451 1499 1508 ter
1542 1444 1657 1509 vel
1700 1451 1949 1528 quater
2000 1444 2075 1507 in
2126 1450 2331 1508 nocte
2373 1459 2611 1529 muros
2657 1461 2819 1508 cum

919 1543 1208 1608 laternis
1235 1544 1524 1609 circuire
1551 1551 2032 1622 consueverat,
2064 1543 2125 1608 si
2159 1563 2335 1627 quos
2366 1563 2459 1608 ex
2484 1537 2821 1608 ministris

916 1643 1262 1710 inveniret
1303 1645 1803 1723 somnolentos,
1840 1644 2325 1729 pertransiret,
2348 1643 2667 1727 protinus
2711 1645 2821 1708 vir

918 1743 1062 1820 ille,
1093 1745 1245 1810 visa
1275 1746 1828 1830 opportunitate,
1861 1746 1952 1810 ad
1984 1745 2305 1809 nuntium
2337 1763 2659 1810 reversus
2692 1744 2821 1822 ait,

920 1849 941 1879 ‘
962 1843 1166 1910 Vade
1203 1845 1344 1911 cito
1387 1851 1460 1910 et
1493 1843 1605 1910 dic
1638 1845 1917 1912 domino
1962 1853 2110 1924 tuo,
2148 1853 2227 1911 ut
2259 1845 2555 1910 festinus
2606 1844 2822 1910 adve-

915 1945 1068 2012 niat
1110 1966 1268 2012 cum
1297 1946 1468 2012 viris
1501 1946 1786 2012 electis.’
1888 1943 2031 2024 Qui
2081 1946 2287 2011 citius
2330 1944 2418 2010 ad
2463 1945 2815 2008 dominum

919 2064 1278 2112 recurrens
1306 2047 1577 2113 invenit
1608 2066 1767 2111 eum
1811 2066 1969 2112 cum
2003 2045 2429 2130 principibus
2469 2051 2821 2129 paratum,

919 2153 992 2214 et
1018 2146 1230 2226 illico,
1258 2147 1441 2214 sicut
1484 2147 1807 2213 instructi
1840 2153 2064 2225 erant,
2098 2144 2331 2211 subito
2371 2153 2534 2210 ante
2570 2147 2818 2210 turrim

919 2244 1323 2329 praedictam
1388 2248 1589 2331 quasi
1650 2248 1758 2312 vir
1819 2267 2000 2313 unus
2048 2246 2121 2310 in
2178 2247 2482 2311 maximo
2536 2246 2814 2312 silentio

919 2346 1318 2418 astiterunt.
1403 2346 1689 2434 Emyfer
1715 2349 1983 2414 interea
2016 2347 2261 2412 turrim
2287 2347 2647 2430 ingressus
2676 2347 2814 2411 fra-

918 2453 1095 2514 trem
1129 2447 1386 2535 reperit
1428 2467 1673 2514 somno
1722 2455 2090 2533 gravatum
2121 2468 2141 2528 ;
2187 2447 2389 2534 cujus
2430 2454 2732 2513 mentem
2772 2467 2817 2512 a

919 2568 1048 2613 suo
1092 2550 1449 2634 proposito
1479 2550 1707 2615 sciens
1743 2551 2062 2628 alienam,
2098 2550 2347 2615 timens
2385 2570 2473 2615 ne
2506 2569 2634 2633 per
2662 2570 2817 2614 eum

915 2650 1212 2735 inceptae
1246 2651 1346 2715 rei
1373 2650 1938 2734 impedimentum
1967 2650 2298 2729 eveniret,
2321 2649 2555 2733 gladio
2587 2657 2815 2715 trans-

918 2742 1240 2817 verberat
1283 2752 1536 2835 ipsum,
1582 2749 1768 2817 facto
1819 2751 2058 2817 eodem
2105 2752 2261 2834 pius
2315 2758 2388 2816 et
2431 2750 2815 2815 sceleratus

917 2852 1268 2935 existens3
1328 2858 1490 2935 post
1540 2850 1690 2917 haec
1745 2858 1977 2917 autem
2033 2852 2307 2917 rediens
2353 2858 2425 2916 et
2468 2852 2815 2935 principes

915 2958 1201 3033 paratos
1246 2951 1700 3037 conspicieuS,
1736 2950 1968 3017 funem
2010 2952 2311 3018 demittit
2336 2952 2645 3031 inferius,
2676 2972 2815 3035 quo

913 3050 1176 3116 scalam
1215 3050 1304 3117 ad
1336 3071 1412 3116 se
1439 3051 1799 3136 pertrahat
1834 3051 2289 3119 sublevatam.
2396 3051 2650 3117 Erecta
2682 3052 2816 3135 igi-

914 3158 1030 3216 tur
1069 3152 1286 3233 scala,
1318 3144 1557 3217 ¹nemo
1601 3161 1918 3237 repertus
1962 3160 2091 3232 est,
2127 3154 2247 3237 qui
2290 3151 2379 3217 ad
2412 3172 2655 3218 vocem
2700 3172 2819 3217 su-

913 3253 1204 3335 perioris
1253 3252 1367 3318 vel
1416 3253 1505 3317 ad
1541 3273 1783 3319 vocem
1833 3254 2225 3319 Boamundi
2277 3260 2655 3337 praesumat
2700 3273 2815 3318 as·

912 3353 1226 3432 cendere,
1279 3353 1737 3435 proditionem
1795 3361 2233 3436 metuentes3
2313 3354 2505 3439 quod
2562 3353 2811 3419 videns

913 3451 1361 3517 Boamundus
1398 3454 1709 3521 ascendit
1732 3455 1920 3520 illico
1947 3455 2207 3519 scalam
2235 3453 2645 3539 intrepidus,
2705 3452 2812 3520 At

912 3552 1196 3639 Emyfer
1231 3561 1473 3619 tenens
1503 3574 1784 3620 manum
1812 3555 1961 3641 ejus
1993 3556 2211 3621 traxit
2242 3575 2399 3619 eum
2433 3556 2506 3618 iu
2539 3556 2810 3634 turrim,

908 3654 1168 3733 dicem,
1214 3660 1236 3689 ‘
1267 3654 1484 3722 Vivat
1525 3656 1677 3722 haec
1722 3676 1968 3721 manus
1991 3656 2033 3723 2’
2076 3662 2149 3721 et
2182 3654 2441 3721 ducens
2484 3674 2641 3719 eum
2694 3656 2807 3719 in-

908 3756 1149 3837 teriuS,
1180 3757 1484 3821 ostendit
1532 3758 1597 3822 ei
1642 3755 1950 3837 fratrem,
1982 3776 2189 3840 quem
2233 3776 2362 3840 pro
2407 3776 2613 3841 opere
2658 3763 2807 3821 tam

907 3863 1150 3921 sancto
1181 3864 1578 3935 necaverat,
1615 3857 1838 3921 amico
1871 3876 2153 3922 causam
2185 3875 2565 3941 exponens,
2630 3856 2813 3922 Ruit

905 3954 1123 4037 igitur
1145 3956 1593 4021 Boamundus
1624 3958 1696 4021 in
1722 3958 1962 4023 oscula
1988 3958 2119 4022 viri
2153 3958 2620 4023 constantiam
2653 3958 2809 4043 ejus

974 4170 991 4203 ¹
1017 4175 1172 4223 Nemo
1207 4178 1426 4237 repertus
1460 4176 1578 4240 em]
1637 4176 1653 4205 ‘
1678 4177 1827 4227 Solus
1876 4177 2181 4231 Thesaurar.
2202 4178 2451 4230 Murator.
2468 4182 2589 4231 tom.
2602 4178 2689 4227 vii.
2708 4178 2811 4228 col.

906 4244 1268 4295 Bohemundus
1289 4244 1502 4295 foederis
1536 4247 1634 4296 fide
1669 4247 1829 4297 fultus
1879 4252 1995 4306 694,

903 4329 994 4376 per
1035 4314 1208 4365 funem
1249 4312 1510 4370 ascendit?
1584 4319 1830 4370 Bernard.
