3108 5059
882 499 1162 548 FLORES
1210 502 1754 552 msromARuM.
2139 489 2269 553 147

406 733 708 811 Quomodo
735 735 1037 798 excercitus
1067 709 1368 812 soldani,
1401 736 1857 821 AEyyptiorum
1876 734 2224 819 principis,

993 857 1036 899 a
1069 836 1294 900 nostris
1326 836 1625 900 vincitur.

459 956 653 1021 Urbe
685 966 917 1022 autem
945 967 1191 1025 sancta
1237 968 1549 1026 recenter
1592 961 1817 1024 adhuc
1864 979 1907 1024 a
1949 959 2265 1024 fidelibus
2290 982 2536 1022 11111199.

2289 1033 2465 1081 History
2482 1033 2530 1072 or

359 1056 508 1140 SUbj
517 1065 758 1139 ugsttfb
779 1052 798 1089 ¹
815 1058 1156 1123 Soldanus
1178 1061 1671 1146 AEgyptiorum
1699 1068 1770 1125 et
1792 1061 2264 1123 Damasceno-
2288 1083 2592 1122 meorumue..

359 1175 534 1233 rum,
582 1157 904 1240 princeps
943 1159 1124 1224 inter
1167 1179 1405 1224 omnes
1453 1161 1826 1224 orientales
1868 1159 2267 1242 potentissi-
2290 1176 2431 1216 natue
2447 1175 2498 1214 or

359 1275 536 1333 111115,
569 1275 728 1320 011111
758 1259 1110 1322 civitatem
1145 1267 1458 1324 sanctam
1495 1259 1941 1324 Hierusalem
1973 1278 2016 1322 a
2044 1258 2265 1322 fideli-

360 1356 490 1418 bus
544 1363 824 1440 captam
878 1360 1342 1440 cognovisset,
1389 1367 1640 1424 vocato
1693 1359 1782 1423 ad
1826 1379 1903 1422 se
1957 1359 2266 1441 principe

359 1455 626 1520 militiae
683 1475 832 1520 suae
902 1457 1274 1536 Elafdalio,
1322 1460 1679 1541 praecepit,
1728 1466 1809 1523 ut
1866 1458 2265 1522 universum

357 1555 574 1619 robur
621 1555 918 1640 AEgypti
961 1565 1034 1621 et
1077 1576 1316 1622 omnes
1362 1559 1633 1641 imperii
1682 1559 1791 1622 sui
1842 1559 2023 1623 vires
2070 1558 2263 1621 colli-

358 1672 533 1735 gens
567 1655 642 1718 in
683 1655 952 1740 Syriam
1001 1659 1356 1735 ascendat,
1409 1665 1480 1721 et
1530 1659 1862 1741 populum
1912 1658 2263 1721 temerari—

358 1773 474 1817 um
515 1754 602 1819 de
638 1757 1001 1839 superficie
1042 1764 1246 1821 terrae
1284 1757 1536 1835 deleat,
1567 1765 1646 1821 ut
1680 1778 1819 1822 non
1850 1764 2267 1820 memoretur

360 1875 616 1918 nomen
659 1855 813 1939 ejus
857 1856 1067 1920 ultra.
1194 1857 1368 1921 Erat
1399 1857 1673 1941 quidem
1712 1857 2098 1921 Elafdalius
2131 1857 2265 1928 iste

362 1955 648 2018 natione
692 1953 1090 2032 ArmeniuS,
1136 1975 1180 2020 a
1210 1955 1625 2020 Christianis
1675 1957 2079 2039 parentibus
2126 1957 2265 2018 ori-

359 2055 597 2136 ginem
649 2052 935 2133 habenS,
987 2055 1110 2120 sed
1162 2075 1308 2138 prae
1355 2057 1822 2121 immensitate
1868 2056 2265 2120 divitiarum

359 2160 889 2236 apostataverat
939 2174 984 2218 a
1031 2155 1210 2235 fide;
1267 2164 1335 2220 et
1383 2157 1504 2237 qui
1554 2156 1631 2219 in
1668 2155 1861 2220 fonte
1904 2175 2269 2236 regenera-

361 2254 576 2318 tionis
624 2255 989 2338 Emyreius
1034 2254 1414 2332 dicebatur,
1460 2255 1688 2319 factus
1721 2262 2046 2338 apostata
2073 2254 2267 2318 Elas-

361 2353 591 2418 dah’us
627 2356 1180 2437 nuncupabatur.
1293 2353 1695 2438 Assumptis
1725 2356 1941 2436 igitur
1970 2350 2088 2418 hic'
2118 2373 2267 2418 cru-

364 2454 466 2517 cis
495 2455 820 2518 inimicus
859 2455 1201 2520 universis
1231 2454 1496 2519 viribus
1524 2456 1844 2539 AEgypti,
1871 2453 2155 2518 Arabiae
2195 2461 2267 2518 et

361 2554 726 2631 Damasci,
789 2557 983 2621 venit
1043 2554 1482 2633 Ascalonem,
1541 2564 1613 2619 et
1672 2556 1768 2620 ibi
1832 2564 1988 2618 cum'
2048 2554 2266 2636 copiis

360 2655 510 2718 suis
548 2656 892 2719 universis
922 2662 1154 2719 castra
1185 2656 1467 2733 locavit,
1502 2656 1664 2719 inde
1705 2654 2267 2737 Hierosolymam

360 2754 846 2837 profecturus3
895 2757 1258 2837 proposuit
1302 2756 1484 2820 enim
1518 2761 1599 2819 ut
1632 2754 1867 2819 fideles
1899 2755 1971 2817 in
2006 2753 2267 2817 Hieru-

357 2854 581 2919 salem
637 2853 1005 2932 obsideret,
1063 2862 1134 2919 et
1186 2863 1350 2938 post
1402 2856 1769 2919 victoriam
1829 2854 2266 2918 Dominicum

361 2954 678 3018 funditus
703 2954 1119 3037 dilapidaret
1139 2954 1601 3038 sepulchrum.
1693 2954 1893 3020 Tunc
1926 2954 2271 3037 peregrini

363 3056 618 3129 cruciS,
645 3054 764 3137 qui
796 3054 966 3117 nihil
1002 3055 1230 3117 minus
1264 3056 1603 3138 optabant
1647 3074 1854 3137 quam
1896 3053 2271 3118 obsidionis

363 3172 717 3218 aerumnas
748 3154 974 3217 denuo
1004 3154 1328 3236 experiri,
1355 3160 1827 3219 convenerunt
1856 3152 1943 3217 ad
1976 3154 2271 3217 invicem

366 3254 598 3317 clerus
659 3259 729 3317 et
777 3254 1076 3336 populus
1121 3253 1486 3317 universus
1531 3261 1601 3317 et
1647 3272 1840 3317 arma
1884 3251 2272 3336 spiritualia

367 3355 566 3435 prius
617 3352 1013 3436 bajulantes
1071 3354 1159 3416 ad
1221 3353 1663 3436 sepulchrum
1721 3352 2005 3418 Domini
2066 3352 2271 3415 corde

365 3453 673 3517 contrito
739 3460 812 3516 et
871 3472 1027 3516 cum
1088 3453 1364 3517 fletibus
1435 3453 1785 3516 humiliter
1850 3451 2140 3535 profecti
2204 3458 2315 3514 et·

367 3558 650 3617 orantes
695 3552 770 3615 in
815 3559 1071 3617 terram
1116 3552 1471 3636 prostrati,
1521 3572 1565 3616 a
1615 3553 1917 3616 Domino
1963 3551 2273 3634 postula-

368 3653 568 3728 bant,
619 3659 701 3715 ut
751 3654 1082 3735 populum
1135 3672 1337 3715 suum
1404 3652 1935 3715 misericorditer
1998 3651 2085 3713 ab
2146 3650 2273 3712 im·-

369 3752 792 3816 minentibus
823 3752 1148 3833 periculis
1181 3751 1544 3831 liberaret3
1578 3751 1847 3827 deinde,
1879 3756 2157 3832 sumpta
2186 3768 2277 3811 ex

371 3851 507 3916 Dei
568 3858 771 3934 parte
823 3850 1138 3928 audacia,
1202 3853 1290 3915 ab
1344 3854 1512 3915 urbe
1568 3870 1811 3915 versus
1860 3847 2279 3913 Ascalonem

369 3952 779 4034 procedunt,
823 3950 1157 4015 audacter
1186 3952 1500 4015 hostibus
1545 3957 2003 4014 occurrentes,
2108 3948 2282 4013 Por-

373 4052 624 4116 tabant
650 4058 884 4116 autem
917 4070 1152 4115 secum
1196 4058 1464 4133 partem
1499 4052 1673 4132 ligni
1707 4050 2091 4114 Dominicae
2126 4068 2281 4112 cru-

451 4244 468 4276 ¹
483 4245 771 4308 Somnum]
807 4243 1056 4306 Compare
1095 4242 1181 4295 the
1211 4248 1440 4293 contente
1471 4243 1529 4291 of
1557 4243 1645 4292 the
1678 4247 1883 4305 present
1918 4242 2125 4303 chapter
2158 4241 2285 4291 with

373 4317 518 4369 Will.
539 4316 598 4366 of
610 4317 767 4378 Tyro,
788 4330 843 4376 p.
865 4318 981 4364 768.
2011 4384 2042 4429 2

1949 4395 1978 4429 1.

2290 1225 2487 1266 Ascalon.
