<?xml version="1.0" encoding="UTF-8"?>
<!DOCTYPE html PUBLIC "-//W3C//DTD XHTML 1.0 Transitional//EN"
    "http://www.w3.org/TR/xhtml1/DTD/xhtml1-transitional.dtd">
<html xmlns="http://www.w3.org/1999/xhtml" xml:lang="en" lang="en">
 <head>
  <title>
</title>
<meta http-equiv="Content-Type" content="text/html;charset=utf-8" />
  <meta name='ocr-system' content='tesseract 3.04.00' />
  <meta name='ocr-capabilities' content='ocr_page ocr_carea ocr_par ocr_line ocrx_word'/>
</head>
<body>
  <div class='ocr_page' id='page_1' title='image "./rogeridewendove00coxegoog_0430.png"; bbox 0 0 3108 5059; ppageno 0'>
   <div class='ocr_carea' id='block_1_1' title="bbox 823 474 2221 540">
    <p class='ocr_par' dir='ltr' id='par_1_1' title="bbox 823 474 2221 540">
     <span class='ocr_line' id='line_1_1' title="bbox 823 474 2221 540; baseline -0.003 -2"><span class='ocrx_word' id='word_1_1' title='bbox 823 474 956 540; x_wconf 79' lang='lat'><strong>422</strong></span> <span class='ocrx_word' id='word_1_2' title='bbox 1340 488 1611 538; x_wconf 73' lang='lat' dir='ltr'><strong>nocam</strong></span> <span class='ocrx_word' id='word_1_3' title='bbox 1662 487 1757 535; x_wconf 80' lang='lat' dir='ltr'><strong>na</strong></span> <span class='ocrx_word' id='word_1_4' title='bbox 1804 486 2221 536; x_wconf 68' lang='lat' dir='ltr'><strong>wnsnovaa</strong></span> 
     </span>
    </p>
   </div>
   <div class='ocr_carea' id='block_1_2' title="bbox 508 704 2739 916">
    <p class='ocr_par' dir='ltr' id='par_1_2' title="bbox 508 704 2739 916">
     <span class='ocr_line' id='line_1_2' title="bbox 963 704 2605 823; baseline -0.002 -31"><span class='ocrx_word' id='word_1_5' title='bbox 963 726 1140 806; x_wconf 74' lang='lat' dir='ltr'><strong>Quod</strong></span> <span class='ocrx_word' id='word_1_6' title='bbox 1165 724 1566 823; x_wconf 66' lang='lat' dir='ltr'><strong>Salaadimas</strong></span> <span class='ocrx_word' id='word_1_7' title='bbox 1595 733 1830 790; x_wconf 76' lang='lat' dir='ltr'><strong>terram</strong></span> <span class='ocrx_word' id='word_1_8' title='bbox 1850 704 2142 790; x_wconf 44' lang='lat' dir='ltr'><strong>&#39;sanctam</strong></span> <span class='ocrx_word' id='word_1_9' title='bbox 2170 724 2605 812; x_wconf 65' lang='lat' dir='ltr'><strong>depopulatur.</strong></span> 
     </span>
     <span class='ocr_line' id='line_1_3' title="bbox 508 848 2739 916; baseline -0.001 1"><span class='ocrx_word' id='word_1_10' title='bbox 508 864 618 905; x_wconf 68' lang='grc' dir='ltr'><strong>Μ)-</strong></span> <span class='ocrx_word' id='word_1_11' title='bbox 643 862 756 903; x_wconf 82' lang='lat'><strong>¹¹⁸⁷·</strong></span> <span class='ocrx_word' id='word_1_12' title='bbox 931 848 1144 916; x_wconf 89' lang='lat' dir='ltr'><strong>Anno</strong></span> <span class='ocrx_word' id='word_1_13' title='bbox 1188 849 1476 916; x_wconf 87' lang='lat' dir='ltr'><strong>Domini</strong></span> <span class='ocrx_word' id='word_1_14' title='bbox 1525 865 1985 914; x_wconf 67' lang='lat' dir='ltr'><strong>Mchxxxvn.</strong></span> <span class='ocrx_word' id='word_1_15' title='bbox 2031 849 2449 914; x_wconf 86' lang='lat' dir='ltr'><strong>Salaadinus</strong></span> <span class='ocrx_word' id='word_1_16' title='bbox 2494 856 2739 915; x_wconf 89' lang='lat' dir='ltr'><strong>contra</strong></span> 
     </span>
    </p>
   </div>
   <div class='ocr_carea' id='block_1_3' title="bbox 505 917 2745 4134">
    <p class='ocr_par' dir='ltr' id='par_1_3' title="bbox 505 917 2745 4134">
     <span class='ocr_line' id='line_1_4' title="bbox 505 917 2739 1032; baseline -0.001 -16"><span class='ocrx_word' id='word_1_17' title='bbox 505 917 756 1006; x_wconf 53' lang='lat' dir='ltr'><strong>ffmss-</strong></span> <span class='ocrx_word' id='word_1_18' title='bbox 835 949 1270 1016; x_wconf 89' lang='lat' dir='ltr'><strong>Christianos</strong></span> <span class='ocrx_word' id='word_1_19' title='bbox 1312 949 1791 1032; x_wconf 81' lang='lat' dir='ltr'><strong>indignatione</strong></span> <span class='ocrx_word' id='word_1_20' title='bbox 1832 967 2207 1015; x_wconf 85' lang='lat' dir='ltr'><strong>succensus</strong></span> <span class='ocrx_word' id='word_1_21' title='bbox 2238 949 2568 1028; x_wconf 85' lang='lat' dir='ltr'><strong>Parthos,</strong></span> <span class='ocrx_word' id='word_1_22' title='bbox 2598 951 2739 1014; x_wconf 89' lang='lat' dir='ltr'><strong>Be-</strong></span> 
     </span>
     <span class='ocr_line' id='line_1_5' title="bbox 833 1048 2741 1130; baseline -0.001 -15"><span class='ocrx_word' id='word_1_23' title='bbox 833 1051 1164 1130; x_wconf 85' lang='lat' dir='ltr'><strong>dewinos,</strong></span> <span class='ocrx_word' id='word_1_24' title='bbox 1191 1050 1487 1127; x_wconf 82' lang='lat' dir='ltr'><strong>Turcos,</strong></span> <span class='ocrx_word' id='word_1_25' title='bbox 1515 1049 1929 1128; x_wconf 86' lang='lat' dir='ltr'><strong>Saracenos,</strong></span> <span class='ocrx_word' id='word_1_26' title='bbox 1974 1048 2271 1128; x_wconf 82' lang='lat' dir='ltr'><strong>Arabes,</strong></span> <span class='ocrx_word' id='word_1_27' title='bbox 2300 1050 2549 1116; x_wconf 85' lang='lat' dir='ltr'><strong>Medos</strong></span> <span class='ocrx_word' id='word_1_28' title='bbox 2580 1069 2741 1114; x_wconf 91' lang='lat' dir='ltr'><strong>con-</strong></span> 
     </span>
     <span class='ocr_line' id='line_1_6' title="bbox 833 1144 2738 1234; baseline -0.002 -17"><span class='ocrx_word' id='word_1_29' title='bbox 833 1158 1043 1217; x_wconf 85' lang='lat' dir='ltr'><strong>vocat</strong></span> <span class='ocrx_word' id='word_1_30' title='bbox 1071 1158 1144 1217; x_wconf 92' lang='lat' dir='ltr'><strong>et</strong></span> <span class='ocrx_word' id='word_1_31' title='bbox 1173 1144 1570 1228; x_wconf 78' lang='lat' dir='ltr'><strong>¹CordinoS,</strong></span> <span class='ocrx_word' id='word_1_32' title='bbox 1597 1157 1669 1215; x_wconf 86' lang='lat' dir='ltr'><strong>et</strong></span> <span class='ocrx_word' id='word_1_33' title='bbox 1698 1149 1808 1214; x_wconf 84' lang='lat' dir='ltr'><strong>his</strong></span> <span class='ocrx_word' id='word_1_34' title='bbox 1836 1149 2153 1215; x_wconf 87' lang='lat' dir='ltr'><strong>omnibus</strong></span> <span class='ocrx_word' id='word_1_35' title='bbox 2187 1170 2345 1215; x_wconf 87' lang='lat' dir='ltr'><strong>cum</strong></span> <span class='ocrx_word' id='word_1_36' title='bbox 2380 1151 2738 1234; x_wconf 82' lang='lat' dir='ltr'><strong>AEgyptiis</strong></span> 
     </span>
     <span class='ocr_line' id='line_1_7' title="bbox 835 1249 2739 1335; baseline -0.001 -19"><span class='ocrx_word' id='word_1_37' title='bbox 835 1252 1136 1335; x_wconf 81' lang='lat' dir='ltr'><strong>stipatus</strong></span> <span class='ocrx_word' id='word_1_38' title='bbox 1191 1252 1363 1316; x_wconf 85' lang='lat' dir='ltr'><strong>fines</strong></span> <span class='ocrx_word' id='word_1_39' title='bbox 1405 1249 1961 1315; x_wconf 84' lang='lat' dir='ltr'><strong>Christianorum</strong></span> <span class='ocrx_word' id='word_1_40' title='bbox 2004 1252 2302 1317; x_wconf 86' lang='lat' dir='ltr'><strong>conterit</strong></span> <span class='ocrx_word' id='word_1_41' title='bbox 2345 1257 2416 1321; x_wconf 83' lang='lat' dir='ltr'><strong>et</strong></span> <span class='ocrx_word' id='word_1_42' title='bbox 2458 1257 2739 1315; x_wconf 88' lang='lat' dir='ltr'><strong>contur-</strong></span> 
     </span>
     <span class='ocr_line' id='line_1_8' title="bbox 833 1351 2738 1437; baseline -0.001 -21"><span class='ocrx_word' id='word_1_43' title='bbox 833 1353 956 1417; x_wconf 88' lang='lat' dir='ltr'><strong>bat</strong></span> <span class='ocrx_word' id='word_1_44' title='bbox 981 1372 999 1432; x_wconf 92' lang='grc'>;</span> <span class='ocrx_word' id='word_1_45' title='bbox 1069 1359 1140 1417; x_wconf 85' lang='lat' dir='ltr'><strong>et</strong></span> <span class='ocrx_word' id='word_1_46' title='bbox 1174 1351 1352 1437; x_wconf 83' lang='lat' dir='ltr'><strong>jam,</strong></span> <span class='ocrx_word' id='word_1_47' title='bbox 1381 1371 1522 1416; x_wconf 88' lang='lat' dir='ltr'><strong>non</strong></span> <span class='ocrx_word' id='word_1_48' title='bbox 1553 1356 1925 1416; x_wconf 88' lang='lat' dir='ltr'><strong>contentus</strong></span> <span class='ocrx_word' id='word_1_49' title='bbox 1954 1351 2139 1433; x_wconf 87' lang='lat' dir='ltr'><strong>quod</strong></span> <span class='ocrx_word' id='word_1_50' title='bbox 2165 1370 2387 1434; x_wconf 87' lang='lat' dir='ltr'><strong>parva</strong></span> <span class='ocrx_word' id='word_1_51' title='bbox 2418 1351 2738 1435; x_wconf 76' lang='lat' dir='ltr'><strong>quaedam</strong></span> 
     </span>
     <span class='ocr_line' id='line_1_9' title="bbox 832 1449 2739 1534; baseline 0.001 -18"><span class='ocrx_word' id='word_1_52' title='bbox 832 1452 906 1516; x_wconf 89' lang='lat' dir='ltr'><strong>in</strong></span> <span class='ocrx_word' id='word_1_53' title='bbox 939 1451 1242 1516; x_wconf 83' lang='lat' dir='ltr'><strong>Galilaea</strong></span> <span class='ocrx_word' id='word_1_54' title='bbox 1281 1451 1729 1534; x_wconf 81' lang='lat' dir='ltr'><strong>occupaverit</strong></span> <span class='ocrx_word' id='word_1_55' title='bbox 1778 1451 2127 1534; x_wconf 72' lang='lat' dir='ltr'><strong>praesidia,</strong></span> <span class='ocrx_word' id='word_1_56' title='bbox 2178 1449 2573 1516; x_wconf 89' lang='lat' dir='ltr'><strong>Calvariam</strong></span> <span class='ocrx_word' id='word_1_57' title='bbox 2616 1452 2739 1534; x_wconf 66' lang='lat' dir='ltr'><strong>ol)-</strong></span> 
     </span>
     <span class='ocr_line' id='line_1_10' title="bbox 834 1548 2739 1634; baseline -0.001 -17"><span class='ocrx_word' id='word_1_58' title='bbox 834 1551 1058 1617; x_wconf 88' lang='lat' dir='ltr'><strong>sidere</strong></span> <span class='ocrx_word' id='word_1_59' title='bbox 1097 1551 1448 1634; x_wconf 88' lang='lat' dir='ltr'><strong>proponit.</strong></span> <span class='ocrx_word' id='word_1_60' title='bbox 1552 1548 1732 1615; x_wconf 90' lang='lat' dir='ltr'><strong>Cum</strong></span> <span class='ocrx_word' id='word_1_61' title='bbox 1776 1551 2079 1615; x_wconf 89' lang='lat' dir='ltr'><strong>omnium</strong></span> <span class='ocrx_word' id='word_1_62' title='bbox 2123 1552 2342 1634; x_wconf 77' lang='lat' dir='ltr'><strong>igitur</strong></span> <span class='ocrx_word' id='word_1_63' title='bbox 2384 1551 2739 1616; x_wconf 88' lang='lat' dir='ltr'><strong>machina-</strong></span> 
     </span>
     <span class='ocr_line' id='line_1_11' title="bbox 833 1651 2741 1735; baseline 0 -19"><span class='ocrx_word' id='word_1_64' title='bbox 833 1671 988 1716; x_wconf 85' lang='lat' dir='ltr'><strong>rum</strong></span> <span class='ocrx_word' id='word_1_65' title='bbox 1033 1669 1286 1734; x_wconf 82' lang='lat' dir='ltr'><strong>genere</strong></span> <span class='ocrx_word' id='word_1_66' title='bbox 1327 1651 1496 1715; x_wconf 90' lang='lat' dir='ltr'><strong>illuc</strong></span> <span class='ocrx_word' id='word_1_67' title='bbox 1540 1658 1970 1735; x_wconf 77' lang='lat' dir='ltr'><strong>properaret,</strong></span> <span class='ocrx_word' id='word_1_68' title='bbox 2004 1651 2429 1735; x_wconf 79' lang='lat' dir='ltr'><strong>Magistrum</strong></span> <span class='ocrx_word' id='word_1_69' title='bbox 2473 1651 2741 1716; x_wconf 85' lang='lat' dir='ltr'><strong>militiae</strong></span> 
     </span>
     <span class='ocr_line' id='line_1_12' title="bbox 834 1750 2738 1835; baseline -0.002 -16"><span class='ocrx_word' id='word_1_70' title='bbox 834 1752 1110 1835; x_wconf 87' lang='lat' dir='ltr'><strong>Templi</strong></span> <span class='ocrx_word' id='word_1_71' title='bbox 1143 1771 1300 1817; x_wconf 87' lang='lat' dir='ltr'><strong>cum</strong></span> <span class='ocrx_word' id='word_1_72' title='bbox 1324 1751 1657 1816; x_wconf 81' lang='lat' dir='ltr'><strong>fratribus</strong></span> <span class='ocrx_word' id='word_1_73' title='bbox 1690 1752 2064 1834; x_wconf 82' lang='lat' dir='ltr'><strong>sexaginta</strong></span> <span class='ocrx_word' id='word_1_74' title='bbox 2088 1759 2160 1817; x_wconf 90' lang='lat' dir='ltr'><strong>et</strong></span> <span class='ocrx_word' id='word_1_75' title='bbox 2182 1750 2738 1818; x_wconf 85' lang='lat' dir='ltr'><strong>Christianorum</strong></span> 
     </span>
     <span class='ocr_line' id='line_1_13' title="bbox 836 1850 2739 1935; baseline 0 -19"><span class='ocrx_word' id='word_1_76' title='bbox 836 1851 1278 1917; x_wconf 86' lang='lat' dir='ltr'><strong>multitudine</strong></span> <span class='ocrx_word' id='word_1_77' title='bbox 1353 1850 1747 1916; x_wconf 82' lang='lat' dir='ltr'><strong>itinerando</strong></span> <span class='ocrx_word' id='word_1_78' title='bbox 1811 1853 2105 1935; x_wconf 84' lang='lat' dir='ltr'><strong>peremit</strong></span> <span class='ocrx_word' id='word_1_79' title='bbox 2158 1861 2229 1917; x_wconf 91' lang='lat' dir='ltr'><strong>et</strong></span> <span class='ocrx_word' id='word_1_80' title='bbox 2291 1872 2448 1917; x_wconf 87' lang='lat' dir='ltr'><strong>cum</strong></span> <span class='ocrx_word' id='word_1_81' title='bbox 2502 1852 2739 1935; x_wconf 88' lang='lat' dir='ltr'><strong>palma</strong></span> 
     </span>
     <span class='ocr_line' id='line_1_14' title="bbox 833 1952 2740 2036; baseline 0.001 -20"><span class='ocrx_word' id='word_1_82' title='bbox 833 1952 1150 2036; x_wconf 81' lang='lat' dir='ltr'><strong>martyrii</strong></span> <span class='ocrx_word' id='word_1_83' title='bbox 1195 1953 1283 2017; x_wconf 87' lang='lat' dir='ltr'><strong>ad</strong></span> <span class='ocrx_word' id='word_1_84' title='bbox 1338 1952 1649 2017; x_wconf 78' lang='lat' dir='ltr'><strong>caelestia</strong></span> <span class='ocrx_word' id='word_1_85' title='bbox 1690 1971 1912 2034; x_wconf 80' lang='lat' dir='ltr'><strong>regna</strong></span> <span class='ocrx_word' id='word_1_86' title='bbox 1954 1952 2380 2034; x_wconf 81' lang='lat' dir='ltr'><strong>transmisit3</strong></span> <span class='ocrx_word' id='word_1_87' title='bbox 2432 1952 2563 2018; x_wconf 89' lang='lat' dir='ltr'><strong>hac</strong></span> <span class='ocrx_word' id='word_1_88' title='bbox 2606 1953 2740 2035; x_wconf 84' lang='lat' dir='ltr'><strong>igi-</strong></span> 
     </span>
     <span class='ocr_line' id='line_1_15' title="bbox 834 2052 2745 2118; baseline 0.001 -3"><span class='ocrx_word' id='word_1_89' title='bbox 834 2059 952 2116; x_wconf 86' lang='lat' dir='ltr'><strong>tur</strong></span> <span class='ocrx_word' id='word_1_90' title='bbox 1017 2052 1436 2117; x_wconf 80' lang='lat' dir='ltr'><strong>Salaadinus</strong></span> <span class='ocrx_word' id='word_1_91' title='bbox 1484 2052 1782 2117; x_wconf 85' lang='lat' dir='ltr'><strong>victoria</strong></span> <span class='ocrx_word' id='word_1_92' title='bbox 1840 2052 2277 2118; x_wconf 83' lang='lat' dir='ltr'><strong>exhilaratus</strong></span> <span class='ocrx_word' id='word_1_93' title='bbox 2336 2052 2425 2117; x_wconf 90' lang='lat' dir='ltr'><strong>ad</strong></span> <span class='ocrx_word' id='word_1_94' title='bbox 2482 2053 2745 2117; x_wconf 82' lang='lat' dir='ltr'><strong>obsidi-</strong></span> 
     </span>
     <span class='ocr_line' id='line_1_16' title="bbox 834 2151 2741 2219; baseline -0.001 -2"><span class='ocrx_word' id='word_1_95' title='bbox 834 2172 1038 2217; x_wconf 85' lang='lat' dir='ltr'><strong>onem</strong></span> <span class='ocrx_word' id='word_1_96' title='bbox 1095 2151 1442 2219; x_wconf 81' lang='lat' dir='ltr'><strong>Oalvariae</strong></span> <span class='ocrx_word' id='word_1_97' title='bbox 1504 2152 1845 2216; x_wconf 85' lang='lat' dir='ltr'><strong>festinans</strong></span> <span class='ocrx_word' id='word_1_98' title='bbox 1904 2152 2284 2218; x_wconf 88' lang='lat' dir='ltr'><strong>contendit.</strong></span> <span class='ocrx_word' id='word_1_99' title='bbox 2390 2153 2554 2218; x_wconf 84' lang='lat' dir='ltr'><strong>Rex</strong></span> <span class='ocrx_word' id='word_1_100' title='bbox 2614 2171 2741 2217; x_wconf 87' lang='lat' dir='ltr'><strong>au-</strong></span> 
     </span>
     <span class='ocr_line' id='line_1_17' title="bbox 834 2252 2736 2329; baseline 0.001 -13"><span class='ocrx_word' id='word_1_101' title='bbox 834 2258 974 2316; x_wconf 91' lang='lat' dir='ltr'><strong>tem</strong></span> <span class='ocrx_word' id='word_1_102' title='bbox 1001 2252 1471 2329; x_wconf 82' lang='lat' dir='ltr'><strong>Hierusalem,</strong></span> <span class='ocrx_word' id='word_1_103' title='bbox 1499 2258 1582 2316; x_wconf 88' lang='lat' dir='ltr'><strong>ut</strong></span> <span class='ocrx_word' id='word_1_104' title='bbox 1618 2253 1857 2316; x_wconf 86' lang='lat' dir='ltr'><strong>urbem</strong></span> <span class='ocrx_word' id='word_1_105' title='bbox 1900 2252 2169 2318; x_wconf 80' lang='lat' dir='ltr'><strong>audivit</strong></span> <span class='ocrx_word' id='word_1_106' title='bbox 2195 2252 2553 2318; x_wconf 87' lang='lat' dir='ltr'><strong>obsidione</strong></span> <span class='ocrx_word' id='word_1_107' title='bbox 2584 2253 2736 2317; x_wconf 88' lang='lat' dir='ltr'><strong>val-</strong></span> 
     </span>
     <span class='ocr_line' id='line_1_18' title="bbox 833 2352 2739 2436; baseline 0.001 -20"><span class='ocrx_word' id='word_1_108' title='bbox 833 2352 1048 2417; x_wconf 88' lang='lat' dir='ltr'><strong>latam</strong></span> <span class='ocrx_word' id='word_1_109' title='bbox 1091 2359 1164 2416; x_wconf 85' lang='lat' dir='ltr'><strong>et</strong></span> <span class='ocrx_word' id='word_1_110' title='bbox 1206 2352 1512 2416; x_wconf 88' lang='lat' dir='ltr'><strong>inclusos</strong></span> <span class='ocrx_word' id='word_1_111' title='bbox 1562 2352 2006 2417; x_wconf 86' lang='lat' dir='ltr'><strong>vehementer</strong></span> <span class='ocrx_word' id='word_1_112' title='bbox 2051 2352 2292 2436; x_wconf 81' lang='lat' dir='ltr'><strong>affligi,</strong></span> <span class='ocrx_word' id='word_1_113' title='bbox 2352 2353 2581 2418; x_wconf 90' lang='lat' dir='ltr'><strong>edicto</strong></span> <span class='ocrx_word' id='word_1_114' title='bbox 2630 2373 2739 2418; x_wconf 87' lang='lat' dir='ltr'><strong>re-</strong></span> 
     </span>
     <span class='ocr_line' id='line_1_19' title="bbox 835 2452 2739 2537; baseline 0 -20"><span class='ocrx_word' id='word_1_115' title='bbox 835 2452 952 2537; x_wconf 81' lang='lat' dir='ltr'><strong>gio</strong></span> <span class='ocrx_word' id='word_1_116' title='bbox 1005 2471 1206 2518; x_wconf 90' lang='lat' dir='ltr'><strong>omne</strong></span> <span class='ocrx_word' id='word_1_117' title='bbox 1249 2453 1446 2537; x_wconf 84' lang='lat' dir='ltr'><strong>regni</strong></span> <span class='ocrx_word' id='word_1_118' title='bbox 1499 2454 1714 2517; x_wconf 88' lang='lat' dir='ltr'><strong>robur</strong></span> <span class='ocrx_word' id='word_1_119' title='bbox 1755 2454 2218 2534; x_wconf 84' lang='lat' dir='ltr'><strong>convocavit3</strong></span> <span class='ocrx_word' id='word_1_120' title='bbox 2287 2453 2427 2518; x_wconf 91' lang='lat' dir='ltr'><strong>illis</strong></span> <span class='ocrx_word' id='word_1_121' title='bbox 2479 2454 2739 2518; x_wconf 89' lang='lat' dir='ltr'><strong>solum-</strong></span> 
     </span>
     <span class='ocr_line' id='line_1_20' title="bbox 834 2553 2737 2638; baseline 0.001 -21"><span class='ocrx_word' id='word_1_122' title='bbox 834 2554 1040 2619; x_wconf 88' lang='lat' dir='ltr'><strong>modo</strong></span> <span class='ocrx_word' id='word_1_123' title='bbox 1089 2554 1163 2618; x_wconf 91' lang='lat' dir='ltr'><strong>in</strong></span> <span class='ocrx_word' id='word_1_124' title='bbox 1202 2560 1587 2619; x_wconf 89' lang='lat' dir='ltr'><strong>castrorum</strong></span> <span class='ocrx_word' id='word_1_125' title='bbox 1620 2553 1945 2637; x_wconf 86' lang='lat' dir='ltr'><strong>praesidio</strong></span> <span class='ocrx_word' id='word_1_126' title='bbox 1976 2555 2261 2633; x_wconf 87' lang='lat' dir='ltr'><strong>relictis,</strong></span> <span class='ocrx_word' id='word_1_127' title='bbox 2291 2573 2467 2638; x_wconf 87' lang='lat' dir='ltr'><strong>quos</strong></span> <span class='ocrx_word' id='word_1_128' title='bbox 2503 2556 2737 2621; x_wconf 85' lang='lat' dir='ltr'><strong>aetatis</strong></span> 
     </span>
     <span class='ocr_line' id='line_1_21' title="bbox 833 2654 2739 2738; baseline 0.001 -20"><span class='ocrx_word' id='word_1_129' title='bbox 833 2661 906 2719; x_wconf 91' lang='lat' dir='ltr'><strong>et</strong></span> <span class='ocrx_word' id='word_1_130' title='bbox 931 2673 1144 2719; x_wconf 82' lang='lat' dir='ltr'><strong>sexus</strong></span> <span class='ocrx_word' id='word_1_131' title='bbox 1176 2654 1543 2718; x_wconf 88' lang='lat' dir='ltr'><strong>infirmitas</strong></span> <span class='ocrx_word' id='word_1_132' title='bbox 1577 2673 1924 2719; x_wconf 87' lang='lat' dir='ltr'><strong>armorum</strong></span> <span class='ocrx_word' id='word_1_133' title='bbox 1963 2674 2247 2738; x_wconf 86' lang='lat' dir='ltr'><strong>prorsus</strong></span> <span class='ocrx_word' id='word_1_134' title='bbox 2280 2655 2581 2720; x_wconf 88' lang='lat' dir='ltr'><strong>habebat</strong></span> <span class='ocrx_word' id='word_1_135' title='bbox 2608 2656 2739 2720; x_wconf 88' lang='lat' dir='ltr'><strong>im·-</strong></span> 
     </span>
     <span class='ocr_line' id='line_1_22' title="bbox 831 2753 2739 2839; baseline 0.001 -20"><span class='ocrx_word' id='word_1_136' title='bbox 831 2772 1097 2819; x_wconf 85' lang='lat' dir='ltr'><strong>munes.</strong></span> <span class='ocrx_word' id='word_1_137' title='bbox 1189 2753 1442 2821; x_wconf 87' lang='lat' dir='ltr'><strong>Castra</strong></span> <span class='ocrx_word' id='word_1_138' title='bbox 1481 2754 1703 2836; x_wconf 84' lang='lat' dir='ltr'><strong>igitur</strong></span> <span class='ocrx_word' id='word_1_139' title='bbox 1739 2761 2099 2821; x_wconf 87' lang='lat' dir='ltr'><strong>moventes</strong></span> <span class='ocrx_word' id='word_1_140' title='bbox 2143 2776 2188 2820; x_wconf 90' lang='lat' dir='ltr'><strong>a</strong></span> <span class='ocrx_word' id='word_1_141' title='bbox 2234 2756 2429 2820; x_wconf 86' lang='lat' dir='ltr'><strong>fonte</strong></span> <span class='ocrx_word' id='word_1_142' title='bbox 2474 2755 2739 2839; x_wconf 88' lang='lat' dir='ltr'><strong>Sepho·</strong></span> 
     </span>
     <span class='ocr_line' id='line_1_23' title="bbox 831 2852 2743 2939; baseline 0.002 -22"><span class='ocrx_word' id='word_1_143' title='bbox 831 2852 1084 2932; x_wconf 84' lang='lat' dir='ltr'><strong>ritano,</strong></span> <span class='ocrx_word' id='word_1_144' title='bbox 1131 2855 1253 2918; x_wconf 88' lang='lat' dir='ltr'><strong>ubi</strong></span> <span class='ocrx_word' id='word_1_145' title='bbox 1299 2862 1794 2932; x_wconf 87' lang='lat' dir='ltr'><strong>convenerant,</strong></span> <span class='ocrx_word' id='word_1_146' title='bbox 1846 2856 2091 2938; x_wconf 87' lang='lat' dir='ltr'><strong>stipati</strong></span> <span class='ocrx_word' id='word_1_147' title='bbox 2140 2856 2438 2921; x_wconf 89' lang='lat' dir='ltr'><strong>militum</strong></span> <span class='ocrx_word' id='word_1_148' title='bbox 2488 2857 2743 2939; x_wconf 81' lang='lat' dir='ltr'><strong>viginti</strong></span> 
     </span>
     <span class='ocr_line' id='line_1_24' title="bbox 831 2953 2742 3038; baseline 0.003 -21"><span class='ocrx_word' id='word_1_149' title='bbox 831 2953 1134 3018; x_wconf 87' lang='lat' dir='ltr'><strong>millibus</strong></span> <span class='ocrx_word' id='word_1_150' title='bbox 1167 2955 1623 3018; x_wconf 87' lang='lat' dir='ltr'><strong>incesserunt.</strong></span> <span class='ocrx_word' id='word_1_151' title='bbox 1727 2954 2072 3021; x_wconf 85' lang='lat' dir='ltr'><strong>Praefecto</strong></span> <span class='ocrx_word' id='word_1_152' title='bbox 2116 2956 2354 3038; x_wconf 85' lang='lat' dir='ltr'><strong>itaque</strong></span> <span class='ocrx_word' id='word_1_153' title='bbox 2398 2957 2742 3022; x_wconf 86' lang='lat' dir='ltr'><strong>exercitui</strong></span> 
     </span>
     <span class='ocr_line' id='line_1_25' title="bbox 832 3052 2740 3136; baseline 0.002 -19"><span class='ocrx_word' id='word_1_154' title='bbox 832 3052 1249 3132; x_wconf 83' lang='lat' dir='ltr'><strong>Reimundo,</strong></span> <span class='ocrx_word' id='word_1_155' title='bbox 1286 3054 1538 3119; x_wconf 87' lang='lat' dir='ltr'><strong>comite</strong></span> <span class='ocrx_word' id='word_1_156' title='bbox 1574 3053 2038 3136; x_wconf 80' lang='lat' dir='ltr'><strong>TripolitanO,</strong></span> <span class='ocrx_word' id='word_1_157' title='bbox 2088 3076 2333 3121; x_wconf 84' lang='lat' dir='ltr'><strong>versus</strong></span> <span class='ocrx_word' id='word_1_158' title='bbox 2386 3056 2740 3121; x_wconf 87' lang='lat' dir='ltr'><strong>Tiberiam</strong></span> 
     </span>
     <span class='ocr_line' id='line_1_26' title="bbox 827 3154 2736 3237; baseline 0.003 -21"><span class='ocrx_word' id='word_1_159' title='bbox 827 3161 991 3217; x_wconf 86' lang='lat' dir='ltr'><strong>sunt</strong></span> <span class='ocrx_word' id='word_1_160' title='bbox 1028 3154 1367 3237; x_wconf 83' lang='lat' dir='ltr'><strong>profecti3</strong></span> <span class='ocrx_word' id='word_1_161' title='bbox 1423 3174 1718 3236; x_wconf 86' lang='lat' dir='ltr'><strong>cumque</strong></span> <span class='ocrx_word' id='word_1_162' title='bbox 1766 3154 2083 3222; x_wconf 83' lang='lat' dir='ltr'><strong>funestus</strong></span> <span class='ocrx_word' id='word_1_163' title='bbox 2136 3157 2285 3221; x_wconf 89' lang='lat' dir='ltr'><strong>dies</strong></span> <span class='ocrx_word' id='word_1_164' title='bbox 2336 3158 2736 3222; x_wconf 85' lang='lat' dir='ltr'><strong>certaminis</strong></span> 
     </span>
     <span class='ocr_line' id='line_1_27' title="bbox 827 3253 2737 3335; baseline 0.004 -19"><span class='ocrx_word' id='word_1_165' title='bbox 827 3253 1146 3332; x_wconf 84' lang='lat' dir='ltr'><strong>instaret,</strong></span> <span class='ocrx_word' id='word_1_166' title='bbox 1195 3254 1578 3318; x_wconf 87' lang='lat' dir='ltr'><strong>camerario</strong></span> <span class='ocrx_word' id='word_1_167' title='bbox 1630 3255 1819 3335; x_wconf 82' lang='lat' dir='ltr'><strong>regis</strong></span> <span class='ocrx_word' id='word_1_168' title='bbox 1867 3257 2044 3322; x_wconf 86' lang='lat' dir='ltr'><strong>visio</strong></span> <span class='ocrx_word' id='word_1_169' title='bbox 2094 3258 2455 3321; x_wconf 89' lang='lat' dir='ltr'><strong>tremenda</strong></span> <span class='ocrx_word' id='word_1_170' title='bbox 2510 3258 2737 3323; x_wconf 86' lang='lat' dir='ltr'><strong>conti-</strong></span> 
     </span>
     <span class='ocr_line' id='line_1_28' title="bbox 827 3352 2735 3438; baseline 0.003 -21"><span class='ocrx_word' id='word_1_171' title='bbox 827 3354 956 3435; x_wconf 84' lang='lat' dir='ltr'><strong>git,</strong></span> <span class='ocrx_word' id='word_1_172' title='bbox 1007 3353 1336 3421; x_wconf 88' lang='lat' dir='ltr'><strong>videlicet</strong></span> <span class='ocrx_word' id='word_1_173' title='bbox 1389 3352 1576 3437; x_wconf 89' lang='lat' dir='ltr'><strong>quod</strong></span> <span class='ocrx_word' id='word_1_174' title='bbox 1618 3354 1860 3436; x_wconf 89' lang='lat' dir='ltr'><strong>aquila</strong></span> <span class='ocrx_word' id='word_1_175' title='bbox 1903 3357 2226 3438; x_wconf 81' lang='lat' dir='ltr'><strong>quaedam</strong></span> <span class='ocrx_word' id='word_1_176' title='bbox 2262 3356 2735 3423; x_wconf 88' lang='lat' dir='ltr'><strong>Christianum</strong></span> 
     </span>
     <span class='ocr_line' id='line_1_29' title="bbox 825 3452 2738 3541; baseline 0.004 -25"><span class='ocrx_word' id='word_1_177' title='bbox 825 3454 1294 3518; x_wconf 82' lang='lat' dir='ltr'><strong>transvolaret</strong></span> <span class='ocrx_word' id='word_1_178' title='bbox 1331 3452 1739 3532; x_wconf 83' lang='lat' dir='ltr'><strong>exercitum,</strong></span> <span class='ocrx_word' id='word_1_179' title='bbox 1768 3472 1927 3536; x_wconf 84' lang='lat' dir='ltr'><strong>qnae</strong></span> <span class='ocrx_word' id='word_1_180' title='bbox 1975 3458 2266 3521; x_wconf 86' lang='lat' dir='ltr'><strong>missilia</strong></span> <span class='ocrx_word' id='word_1_181' title='bbox 2308 3465 2575 3540; x_wconf 88' lang='lat' dir='ltr'><strong>septem</strong></span> <span class='ocrx_word' id='word_1_182' title='bbox 2622 3478 2738 3541; x_wconf 81' lang='lat' dir='ltr'><strong>ge·</strong></span> 
     </span>
     <span class='ocr_line' id='line_1_30' title="bbox 823 3554 2735 3639; baseline 0.003 -22"><span class='ocrx_word' id='word_1_183' title='bbox 823 3572 984 3618; x_wconf 90' lang='lat' dir='ltr'><strong>rens</strong></span> <span class='ocrx_word' id='word_1_184' title='bbox 1036 3554 1109 3617; x_wconf 91' lang='lat' dir='ltr'><strong>in</strong></span> <span class='ocrx_word' id='word_1_185' title='bbox 1163 3554 1457 3637; x_wconf 90' lang='lat' dir='ltr'><strong>pedibus</strong></span> <span class='ocrx_word' id='word_1_186' title='bbox 1503 3572 1677 3619; x_wconf 90' lang='lat' dir='ltr'><strong>voce</strong></span> <span class='ocrx_word' id='word_1_187' title='bbox 1733 3554 2025 3620; x_wconf 87' lang='lat' dir='ltr'><strong>terribili</strong></span> <span class='ocrx_word' id='word_1_188' title='bbox 2079 3564 2513 3639; x_wconf 90' lang='lat' dir='ltr'><strong>personaret,</strong></span> <span class='ocrx_word' id='word_1_189' title='bbox 2562 3564 2584 3593; x_wconf 89' lang='lat'>‘</span> <span class='ocrx_word' id='word_1_190' title='bbox 2602 3558 2735 3623; x_wconf 81' lang='lat' dir='ltr'><strong>Vae</strong></span> 
     </span>
     <span class='ocr_line' id='line_1_31' title="bbox 823 3653 2735 3741; baseline 0.004 -24"><span class='ocrx_word' id='word_1_191' title='bbox 823 3655 1022 3718; x_wconf 90' lang='lat' dir='ltr'><strong>vobis</strong></span> <span class='ocrx_word' id='word_1_192' title='bbox 1057 3653 1526 3731; x_wconf 84' lang='lat' dir='ltr'><strong>Hierusalem,</strong></span> <span class='ocrx_word' id='word_1_193' title='bbox 1559 3674 1666 3719; x_wconf 86' lang='lat' dir='ltr'><strong>vae</strong></span> <span class='ocrx_word' id='word_1_194' title='bbox 1707 3656 1907 3721; x_wconf 88' lang='lat' dir='ltr'><strong>vobis</strong></span> <span class='ocrx_word' id='word_1_195' title='bbox 1934 3654 1975 3721; x_wconf 79' lang='lat' dir='ltr'><strong>l’</strong></span> <span class='ocrx_word' id='word_1_196' title='bbox 2040 3656 2154 3722; x_wconf 89' lang='lat' dir='ltr'><strong>Ad</strong></span> <span class='ocrx_word' id='word_1_197' title='bbox 2200 3655 2409 3741; x_wconf 88' lang='lat' dir='ltr'><strong>hujus</strong></span> <span class='ocrx_word' id='word_1_198' title='bbox 2442 3659 2735 3724; x_wconf 82' lang='lat' dir='ltr'><strong>visionis</strong></span> 
     </span>
     <span class='ocr_line' id='line_1_32' title="bbox 823 3752 2732 3843; baseline 0.003 -25"><span class='ocrx_word' id='word_1_199' title='bbox 823 3754 1328 3838; x_wconf 82' lang='lat' dir='ltr'><strong>expositionem</strong></span> <span class='ocrx_word' id='word_1_200' title='bbox 1381 3752 1695 3819; x_wconf 87' lang='lat' dir='ltr'><strong>sufficere</strong></span> <span class='ocrx_word' id='word_1_201' title='bbox 1744 3755 2068 3821; x_wconf 87' lang='lat' dir='ltr'><strong>nimirum</strong></span> <span class='ocrx_word' id='word_1_202' title='bbox 2117 3758 2487 3835; x_wconf 87' lang='lat' dir='ltr'><strong>credimus,</strong></span> <span class='ocrx_word' id='word_1_203' title='bbox 2540 3760 2732 3843; x_wconf 86' lang='lat' dir='ltr'><strong>quod</strong></span> 
     </span>
     <span class='ocr_line' id='line_1_33' title="bbox 821 3853 2735 3942; baseline 0.003 -25"><span class='ocrx_word' id='word_1_204' title='bbox 821 3853 1123 3937; x_wconf 87' lang='lat' dir='ltr'><strong>Spiritus</strong></span> <span class='ocrx_word' id='word_1_205' title='bbox 1175 3854 1475 3920; x_wconf 85' lang='lat' dir='ltr'><strong>Sanctus</strong></span> <span class='ocrx_word' id='word_1_206' title='bbox 1530 3855 1618 3919; x_wconf 89' lang='lat' dir='ltr'><strong>de</strong></span> <span class='ocrx_word' id='word_1_207' title='bbox 1672 3856 1997 3937; x_wconf 77' lang='lat' dir='ltr'><strong>reprobis,</strong></span> <span class='ocrx_word' id='word_1_208' title='bbox 2036 3857 2350 3941; x_wconf 88' lang='lat' dir='ltr'><strong>loquitur</strong></span> <span class='ocrx_word' id='word_1_209' title='bbox 2400 3878 2526 3942; x_wconf 90' lang='lat' dir='ltr'><strong>per</strong></span> <span class='ocrx_word' id='word_1_210' title='bbox 2568 3878 2735 3942; x_wconf 87' lang='lat' dir='ltr'><strong>pro·</strong></span> 
     </span>
     <span class='ocr_line' id='line_1_34' title="bbox 817 3953 2729 4037; baseline 0.004 -22"><span class='ocrx_word' id='word_1_211' title='bbox 817 3953 1124 4035; x_wconf 88' lang='lat' dir='ltr'><strong>phetam,</strong></span> <span class='ocrx_word' id='word_1_212' title='bbox 1145 3960 1164 3989; x_wconf 86' lang='lat'><em>‘</em></span> <span class='ocrx_word' id='word_1_213' title='bbox 1185 3955 1515 4020; x_wconf 86' lang='lat' dir='ltr'><strong>Tetendit</strong></span> <span class='ocrx_word' id='word_1_214' title='bbox 1537 3955 1881 4021; x_wconf 89' lang='lat' dir='ltr'><strong>Dominus</strong></span> <span class='ocrx_word' id='word_1_215' title='bbox 1914 3976 2153 4022; x_wconf 84' lang='lat' dir='ltr'><strong>areum</strong></span> <span class='ocrx_word' id='word_1_216' title='bbox 2188 3977 2417 4037; x_wconf 87' lang='lat' dir='ltr'><strong>suum,</strong></span> <span class='ocrx_word' id='word_1_217' title='bbox 2446 3966 2520 4025; x_wconf 90' lang='lat' dir='ltr'><strong>et</strong></span> <span class='ocrx_word' id='word_1_218' title='bbox 2540 3960 2615 4024; x_wconf 90' lang='lat' dir='ltr'><strong>in</strong></span> <span class='ocrx_word' id='word_1_219' title='bbox 2644 3978 2729 4024; x_wconf 88' lang='lat' dir='ltr'><strong>eo</strong></span> 
     </span>
     <span class='ocr_line' id='line_1_35' title="bbox 816 4054 1617 4134; baseline 0.004 -20"><span class='ocrx_word' id='word_1_220' title='bbox 816 4054 1095 4134; x_wconf 89' lang='lat' dir='ltr'><strong>paravit</strong></span> <span class='ocrx_word' id='word_1_221' title='bbox 1127 4074 1300 4119; x_wconf 86' lang='lat' dir='ltr'><strong>vasa</strong></span> <span class='ocrx_word' id='word_1_222' title='bbox 1327 4056 1617 4120; x_wconf 87' lang='lat' dir='ltr'><strong>mortis.&#39;</strong></span> 
     </span>
    </p>
   </div>
   <div class='ocr_carea' id='block_1_4' title="bbox 813 4220 2734 4343">
    <p class='ocr_par' dir='ltr' id='par_1_4' title="bbox 813 4220 2734 4343">
     <span class='ocr_line' id='line_1_36' title="bbox 813 4220 2734 4343; baseline 0.006 -73"><span class='ocrx_word' id='word_1_223' title='bbox 813 4220 1206 4343; x_wconf 43' lang='lat' dir='ltr'><strong>Mtzffgrdiaoefl</strong></span> <span class='ocrx_word' id='word_1_224' title='bbox 1241 4239 1298 4273; x_wconf 89' lang='lat' dir='ltr'><strong>or</strong></span> <span class='ocrx_word' id='word_1_225' title='bbox 1327 4224 1413 4274; x_wconf 85' lang='lat' dir='ltr'><strong>the</strong></span> <span class='ocrx_word' id='word_1_226' title='bbox 1447 4226 1653 4289; x_wconf 81' lang='lat' dir='ltr'><strong>Curds;</strong></span> <span class='ocrx_word' id='word_1_227' title='bbox 1688 4242 1775 4279; x_wconf 81' lang='lat' dir='ltr'><strong>see</strong></span> <span class='ocrx_word' id='word_1_228' title='bbox 1800 4230 2026 4294; x_wconf 85' lang='lat' dir='ltr'><strong>Gibbon,</strong></span> <span class='ocrx_word' id='word_1_229' title='bbox 2047 4230 2148 4279; x_wconf 86' lang='lat' dir='ltr'><strong>vol.</strong></span> <span class='ocrx_word' id='word_1_230' title='bbox 2182 4230 2256 4280; x_wconf 85' lang='lat' dir='ltr'><strong>xi.</strong></span> <span class='ocrx_word' id='word_1_231' title='bbox 2288 4244 2341 4292; x_wconf 87' lang='lat' dir='ltr'><strong>p.</strong></span> <span class='ocrx_word' id='word_1_232' title='bbox 2368 4233 2481 4294; x_wconf 76' lang='lat'><strong>124,</strong></span> <span class='ocrx_word' id='word_1_233' title='bbox 2515 4230 2618 4280; x_wconf 87' lang='lat' dir='ltr'><strong>and</strong></span> <span class='ocrx_word' id='word_1_234' title='bbox 2650 4232 2734 4282; x_wconf 76' lang='lat' dir='ltr'><strong>the</strong></span> 
     </span>
    </p>
   </div>
  </div>
 </body>
</html>
