3108 5059
878 465 1012 530 418
1394 483 1663 532 uocum
1714 483 1809 531 nn
1853 481 2269 531 wmmovnn

557 656 669 697 Α-Β-
690 658 806 698 ¹¹⁸⁶·
884 643 1076 708 anno'
1120 641 1167 706 J
1173 643 1508 721 ohannes,
1553 642 1739 708 filins
1782 642 1993 724 regiS‚
2038 660 2085 706 a
2126 648 2327 724 patre
2375 640 2789 705 militaribus

886 744 1240 808 accinctus
1285 745 1495 808 armis
1539 743 1724 828 apud
1769 741 2351 827 Wyndleshoram
2394 741 2616 824 pridie
2659 740 2787 804 ka-

885 843 1128 908 lendas
1155 842 1442 928 Aprilis,
1482 837 1591 907 ¹in
1635 843 2044 908 Hiberniam
2085 840 2605 920 transfretavit3
2650 859 2791 924 quo

887 942 1098 1021 sacto,
1143 963 1268 1008 rex
1305 944 1653 1010 Henricus
1694 963 1849 1008 cum
1886 941 2309 1026 patriarcha,
2342 941 2519 1005 mari
2565 947 2791 1004 trans-

560 1055 770 1146 Μαι
886 1044 1012 1121 ito,
1075 1043 1256 1109 diem
1315 1044 1609 1109 Paschae
1668 1044 1856 1127 apud
1918 1043 2435 1124 Rothomagum
2486 1041 2789 1105 celebra-

719 1131 730 1143 ’
815 1144 838 1166 ’
887 1144 1013 1208 vit.
1119 1143 1281 1209 Rex
1349 1145 1801 1222 Francorum,
1860 1144 2100 1208 audito
2162 1143 2347 1224 regis
2399 1140 2787 1222 Anglorum

888 1243 1219 1318 adventu,
1264 1263 1418 1309 cum
1457 1243 1902 1308 festinatione
1955 1243 2149 1308 venit
2213 1242 2399 1325 apud
2443 1235 2787 1306 ²Vallem-

891 1343 1058 1408 Ruil
1107 1345 1493 1421 castellum,
1545 1343 1666 1407 ubi
1716 1362 1917 1426 reges
1964 1342 2037 1407 in
2086 1342 2453 1425 colloquiis
2490 1341 2787 1405 familia-

889 1444 1080 1507 ribus
1123 1444 1354 1508 triduo
1403 1445 1861 1527 perstiterunt
1904 1449 1978 1508 et
2012 1443 2084 1506 in
2132 1461 2369 1506 eorum
2415 1442 2791 1524 praesentia

889 1543 1088 1608 multi
1131 1544 1396 1608 nobiles
1435 1561 1639 1608 cruce
1690 1542 1951 1625 signati
1982 1549 2193 1622 sunt3
2238 1543 2357 1606 sed
2402 1542 2538 1624 ipsi
2586 1559 2787 1622 reges

887 1641 1304 1726 patriarchae
1338 1643 1508 1708 nihil
1541 1643 1730 1709 aliud
1764 1641 1835 1707 in
1870 1641 2222 1725 responsis
2256 1642 2616 1718 dederunt,
2652 1642 2787 1704 nisi

887 1743 1073 1827 quod
1103 1750 1392 1826 uterque
1425 1750 1633 1808 terrae
1666 1750 1929 1808 sanctae
1958 1743 2286 1807 festinum
2328 1736 2789 1825 promiserunt

890 1843 1254 1921 auxilium,
1318 1863 1460 1908 non
1514 1843 1697 1907 enim
1746 1843 1901 1908 leve
1952 1841 2051 1907 eis
2108 1843 2479 1921 videbatur
2526 1843 2615 1905 ab
2664 1861 2789 1906 ex-

889 1943 1126 2007 tremis
1157 1943 1410 2008 finibus
1444 1943 1822 2008 occidentis
1867 1963 2012 2007 rem
2056 1949 2200 2006 tam
2246 1943 2531 2007 arduam
2562 1947 2789 2006 atten-

889 2049 1077 2123 tare;
1136 2041 1534 2125 patriarcha
1575 2061 1766 2120 vem,
1817 2043 2017 2127 cujus
2067 2044 2424 2125 negotium
2474 2043 2547 2105 in
2592 2049 2785 2118 arcto

889 2148 1041 2207 erat
1077 2141 1403 2226 positum,
1448 2161 1573 2226 spe
1625 2140 2002 2207 frustratus
2049 2141 2138 2206 ad
2200 2141 2483 2225 propria
2524 2161 2788 2207 remea-

889 2243 1018 2308 vit.
1119 2243 1384 2309 Eodem
1417 2261 1601 2307 anno
1635 2242 1856 2325 Hugo
1886 2243 1974 2306 de
2009 2241 2241 2321 Lacio,
2283 2242 2605 2308 dominus
2632 2261 2793 2325 pro-

889 2341 1136 2406 vinciae
1163 2353 1351 2424 squae
1405 2342 1645 2406 Media
1698 2342 1977 2420 dicitur,
2023 2335 2465 2408 ³interfeotus
2520 2350 2631 2408 est
2678 2362 2787 2406 oc·

888 2451 1054 2508 tavo
1085 2441 1422 2506 kalendas
1452 2439 1779 2525 Aug-usti.
1870 2441 2133 2507 Eodem
2166 2450 2499 2526 tempore,
2523 2444 2789 2507 'comite

889 2542 1347 2621 Huntendon,
1393 2563 1550 2608 cum
1598 2546 1861 2626 absque
1898 2544 2135 2609 liberis
2186 2544 2619 2621 decessisset,
2662 2564 2785 2608 rex

890 2641 1276 2726 Anglorum
1321 2644 1512 2709 dedit
1553 2645 1955 2709 comitatum
1998 2643 2195 2707 illum
2234 2645 2384 2726 regi
2423 2645 2786 2709 Scotorum

886 2743 1241 2808 Willelmo
1289 2763 1445 2807 cum
1500 2744 1937 2827 pertinentiis
2000 2744 2168 2807 suis.
2282 2744 2545 2808 Eodem
2606 2762 2788 2808 anno

889 2841 1248 2907 Gilbertus
1299 2843 1386 2907 de
1437 2842 1821 2921 Glanvilla,
1884 2843 2410 2908 archidiaconus
2478 2844 2786 2909 Luxoni·

885 2943 1092 3018 ensis,
1137 2950 1585 3007 consecratus
1627 2951 1735 3008 est
1778 2944 2143 3026 episcopus
2188 2944 2537 3009 Roffensis
2562 2944 2786 3009 -tertio

887 3040 1224 3106 kalendas
1299 3042 1649 3107 Octobris·
1782 3043 1869 3107 In
1944 3044 2183 3109 eodem
2262 3051 2570 3127 tempore
2642 3045 2785 3108 dux

885 3141 1242 3206 Saxonum
1276 3142 1630 3207 Hem-icus
1661 3142 1945 3209 licentia
1970 3144 2407 3226 imperatoris
2449 3145 2654 3210 rediit
2698 3144 2785 3208 ad

885 3242 1191 3325 propria,
1224 3260 1354 3307 suo
1385 3250 1655 3307 tantum
1686 3244 2101 3326 patrimonio
2134 3250 2525 3309 contentus,

991 3406 1175 3482 Quod
1199 3406 1629 3485 Baldowinw,
1662 3408 2131 3474 Cantuariensis
2163 3409 2680 3497 archiepiscopus,

1331 3506 1618 3593 pallium
1648 3516 1704 3573 et
1732 3507 2027 3595 leqatiam
2054 3509 2335 3597 suscepit.

560 3628 808 3717 gfff-333¹&-
987 3620 1196 3689 Anno
1260 3623 1535 3689 Domini
1593 3641 2021 3690 Monxxxw.
2080 3625 2549 3703 Baldewinus,
2602 3626 2783 3691 Can·

561 3734 723 3769 ονε-π·-
886 3722 1256 3787 tuariensis
1301 3722 1888 3808 archiepiscopuS‚
1932 3724 2218 3809 pallium
2254 3745 2409 3789 cum
2439 3726 2786 3808 legatione

954 3872 973 3907 ¹
986 3876 1051 3924 In
1095 3875 1392 3925 Hiberniam
1427 3875 1809 3941 transfretavit]
1854 3876 2133 3927 missioned
2166 3878 2237 3939 by
2273 3876 2359 3926 the
2390 3890 2524 3940 pope
2558 3878 2639 3929 sor
2678 3880 2785 3929 that

875 3944 1064 4007 -Henry
1097 3946 1200 3997 had
1231 3945 1468 3996 obtained
1501 3946 1646 3997 leave
1682 3946 1808 3997 from
1859 3960 2099 4010 purpose,
2124 3948 2218 3997 but
2241 3948 2421 4010 Henry
2440 3948 2675 3999 defen-ed
2702 3950 2783 3999 the

884 4014 1078 4077 Urbnn,
1099 4016 1371 4079 according
1390 4020 1443 4065 to
1467 4015 1734 4080 Hoveden,
1755 4023 1807 4065 to
1858 4018 2165 4080 coronation,
2187 4033 2240 4081 p.
2262 4022 2379 4069 684.

881 4097 1051 4131 crown
1073 4082 1236 4133 either
1255 4084 1316 4133 os
1339 4084 1421 4134 his
1445 4100 1565 4135 sons
1597 4084 1723 4150 king
1756 4086 1817 4136 of
1926 4084 1951 4117 ²
1972 4086 2351 4151 Vallem-Ruit]
2380 4088 2679 4139 Vaudreuil.

879 4151 1105 4214 Ireland,
1154 4168 1205 4215 p.
1243 4158 1371 4216 6313
1411 4154 1512 4203 and
1556 4157 1609 4204 in
1661 4160 1807 4218 1187,
1927 4154 2260 4217 ’Inter-secem
2301 4158 2449 4222 θείς]
2497 4160 2514 4187 ⁸
2534 4173 2568 4208 a
2608 4159 2779 4209 Malva

879 4222 1131 4281 Octavian
1145 4223 1261 4273 -and
1297 4220 1456 4285 Hugh
1477 4224 1544 4274 de
1574 4224 1806 4288 Numi,
1857 4226 2332 4291 Miadaich,infimae
2348 4242 2529 4278 manus
2544 4225 2778 4291 homine?

875 4291 1056 4353 bishop
1071 4292 1130 4341 of
1145 4292 1396 4357 Durham,
1409 4294 1509 4344 had
1530 4296 1657 4347 been
1670 4310 1805 4347 com-
1856 4297 2059 4362 niceto,
2080 4298 2316 4351 coh-626.
