3108 5059
551 649 662 690 Ad).
684 651 797 690 1111.

553 1259 664 1299 Α.Ῑ).
686 1259 797 1298 1112.

550 1309 799 1349 Contentlon

551 1360 740 1400 between
758 1359 835 1400 the

550 1421 657 1459 pope
673 1411 759 1449 md

550 1470 757 1511 emperor.

876 457 1005 521 190
1378 471 1650 520 noo-mu
1700 473 1794 518 nn
1841 470 2255 520 wunnovnn

876 629 1314 712 consul-post
1346 649 1504 694 eum
1538 628 1722 693 filins
1756 628 1910 714 ejus
1945 628 2411 693 Baldewinus.
2515 627 2780 691 Eodem

876 750 1060 794 anno
1123 728 1364 807 Sidon,
1432 730 1679 794 civitas
1742 730 1815 793 in
1879 729 2089 794 maris
2155 729 2467 810 margine
2522 728 2782 811 posita,

875 829 1232 895 obsidetur
1267 838 1338 894 et
1366 830 1643 913 capitur
1674 850 1717 894 a
1744 848 1908 911 rege
1933 827 2378 894 Hierusalem
2411 827 2783 910 magnifico

876 930 1301 996 Baldewino.

957 1103 1135 1184 Quod
1160 1104 1451 1169 dissensio
1478 1104 1686 1168 oritur
1713 1103 1878 1167 inter
1891 1124 2139 1189 papam
2167 1113 2224 1168 et
2256 1104 2709 1188 insperatorom·

976 1226 1186 1293 Anno
1209 1229 1495 1294 Domini
1517 1244 1761 1292 Mcxu.
1787 1227 1976 1293 facta
1997 1235 2106 1293 est
2123 1221 2140 1260 ¹
2157 1228 2512 1292 contentio
2533 1227 2782 1293 Romae

875 1327 1058 1394 inter
1100 1348 1354 1413 papam
1401 1328 1814 1393 Paschalem
1857 1336 1928 1393 et
1976 1328 2362 1393 Henricum
2409 1328 2786 1411 imperato-

878 1449 1042 1507 rem,
1073 1429 1205 1493 hac
1225 1430 1311 1493 de
1330 1448 1576 1509 causa3
1614 1429 2006 1511 Imperator
2037 1430 2142 1493 uti
2163 1429 2386 1494 voluit
2417 1428 2783 1512 privileg-io

878 1537 1392 1594 antecessorum
1435 1549 1718 1594 suorum
1758 1527 1998 1594 habito
2049 1530 2248 1594 annis
2287 1529 2614 1594 trecentis
2649 1523 2782 1592 sub

881 1629 1219 1694 Romanis
1263 1629 1704 1713 pontificibus
1753 1629 2149 1711 sexaginta,
2191 1630 2314 1712 qui
2349 1629 2540 1694 licite
2577 1629 2784 1693 dede-

880 1737 1040 1795 rant
1102 1731 1543 1814 episcopatus
1602 1736 1676 1794 et
1737 1729 2058 1796 abbatias
2120 1750 2247 1813 per
2312 1729 2648 1794 annulum
2712 1737 2786 1794 et

879 1831 1204 1895 baculum
1236 1830 1690 1914 pastoralem3
1737 1849 1776 1894 e
1807 1837 2052 1894 contra
2075 1830 2451 1895 censebant
2478 1829 2783 1894 Romani

880 1932 1265 2015 pontifices,
1310 1951 1437 1995 nec
1456 2011 1459 2016 Ι
1476 1949 1684 2014 posse
1727 1949 1856 1994 nec
1891 1930 2137 1995 dehere
2169 1931 2319 1994 dari
2347 1949 2473 2012 per
2503 1931 2778 2012 virgam

879 2031 990 2095 vel
1050 2031 1383 2096 annulum
1441 2030 1944 2114 episcopatum,
1989 2030 2102 2096 vel
2145 2031 2452 2113 aliquam
2496 2031 2782 2094 institu-

879 2131 1140 2196 tionem
1203 2131 1747 2196 ecclesiasticam
1803 2151 1848 2195 a
1898 2151 2110 2195 manu
2165 2132 2470 2214 recipere
2527 2130 2784 2194 laicali.

883 2231 1106 2296 Facta
1152 2238 1261 2295 est
1304 2239 1537 2296 autem
1584 2251 1730 2315 pax
1766 2232 1949 2295 inter
1990 2232 2476 2314 imperatorem
2522 2229 2786 2294 Henri-

878 2350 1036 2394 cum
1094 2338 1165 2396 et
1214 2350 1468 2415 papam
1524 2331 1963 2410 Paschalem‚
2007 2332 2112 2395 ita
2165 2339 2248 2395 ut
2302 2331 2611 2414 episcopi
2666 2331 2783 2394 de-

878 2431 1117 2516 inceps
1146 2438 1218 2496 et
1260 2432 1549 2496 abbates
1581 2431 2084 2496 institutionem
2130 2421 2478 2515 accipiant
2520 2432 2610 2494 ab
2655 2432 2786 2495 im-

880 2541 1197 2616 peratore
1264 2540 1337 2598 et
1398 2534 1545 2597 suis
1607 2533 2120 2597 successoribus
2186 2552 2313 2617 per
2375 2532 2652 2615 virgam
2709 2540 2782 2597 et

814 2676 817 2679 -
876 2634 1233 2711 annulum,
1298 2640 1371 2698 et
1430 2634 1624 2717 prius
1685 2633 1945 2698 faciant
2005 2633 2359 2717 episcopo,
2420 2633 2509 2697 ad
2572 2652 2795 2717 quem·

780 2756 785 2763 ·
875 2735 1311 2817 pertinuerit,
1374 2735 1782 2799 canonicam
1846 2734 2330 2811 obedientiam,
2400 2740 2472 2797 et
2539 2753 2783 2797 conse-

876 2835 1255 2898 crationem
1302 2835 1653 2918 accipiant
1690 2841 2090 2899 consuetam
2121 2854 2139 2898 ε
2203 2841 2368 2898 acta
2401 2853 2570 2898 vero
2613 2843 2784 2899 sunt

875 2933 1026 2997 haec
1076 2940 1239 2997 ante
1282 2934 1505 2998 altare
1559 2934 2032 3018 apostolorum
2091 2934 2285 2999 Petri
2340 2940 2410 2998 et
2451 2932 2660 2998 Pauli
2703 2935 2778 2998 in

876 3033 1098 3098 oculis
1133 3034 1464 3111 omnium,
1496 3042 1568 3099 et
1611 3035 1711 3099 sic
1751 3053 1938 3118 papa
1977 3054 2227 3117 corpus
2278 3033 2538 3098 Christi
2583 3033 2780 3099 dedit

874 3134 1299 3217 imperatori.
1399 3134 1595 3199 Obiit
1621 3134 1863 3199 eodem
1892 3154 2075 3199 anno
2104 3133 2532 3211 TancreduS,
2553 3133 2665 3199 vir
2695 3135 2781 3198 il-

876 3234 1115 3300 lustris
1150 3241 1221 3299 et
1254 3234 1328 3299 in
1358 3235 1630 3300 actibus
1652 3234 2314 3318 Hierosolymitanis
2343 3234 2780 3316 magnificae,

876 3336 999 3418 qui
1025 3336 1343 3418 princeps
1376 3342 1528 3399 erat
1542 3334 1939 3400 Antiochiae
1972 3341 2045 3399 et
2077 3354 2308 3399 comes
2340 3334 2774 3414 Edessanus3

876 3436 989 3499 cui
1023 3435 1358 3499 successit
1390 3434 1717 3517 Rogems
1750 3435 1934 3499 filius
1969 3434 2329 3513 Richardi,
2359 3434 2468 3499 vir
2500 3436 2775 3513 nobiliS,

877 3554 963 3598 ea
996 3534 1413 3612 conditione,
1442 3542 1542 3612 ut,
1575 3535 2131 3618 quandocunque
2173 3535 2626 3600 Boamundus
2656 3536 2775 3620 ju-

878 3634 1031 3699 nior
1081 3632 1528 3700 Antiochiam
1577 3643 1994 3720 reposceret,
2036 3636 2140 3701 illi
2192 3637 2342 3700 sine
2386 3635 2776 3701 contradic-

879 3736 1064 3801 tione
1091 3736 1498 3818 resignaret.

945 3958 963 3989 ¹
984 3961 1242 4010 Contentt'o
1276 3955 1494 4029 Roma]
1546 3962 1800 4011 Batonius
1849 3962 1950 4011 and
1985 3976 2230 4023 emperor,
2267 3960 2436 4011 which
2467 3976 2686 4025 appears
2723 3968 2774 4013 to

874 4030 969 4081 has
1005 4031 1249 4081 collected
1284 4031 1371 4081 the
1408 4033 1800 4083 circumstances
1849 4033 1978 4082 have
2021 4032 2178 4081 taken
2221 4033 2368 4097 place
2412 4047 2478 4081 on
2522 4034 2610 4083 the
2655 4035 2771 4084 llth

874 4102 1147 4151 connected
1167 4100 1293 4150 with
1325 4102 1427 4152 this
1459 4107 1802 4167 controversy,
1851 4102 2003 4166 April
2026 4106 2173 4153 1111.

874 4172 975 4220 and
991 4172 1076 4221 the
1098 4171 1474 4222 reconciliation
1489 4174 1548 4223 of
1566 4174 1651 4224 the
1667 4189 1800 4238 pope
