3108 5059
825 493 956 560 334
1334 509 1604 558 noemu
1655 511 1748 558 ns
1794 509 2213 559 wnNnovna

501 686 748 727 A·1>-116⁹·
827 689 984 735 cum
1017 670 1538 754 archiepiscopo
1568 671 1804 754 aliqua
1836 672 2103 736 ratione
2134 688 2572 752 componere,
2596 669 2734 731 nisi

501 737 666 776 latter·

499 787 724 827 orneeket
827 770 1041 835 salvis
1095 772 1227 834 sibi
1284 771 1905 836 consuetudinibus
1946 771 2205 855 iniquis
2258 771 2453 853 regni
2498 769 2608 833 sui
2661 775 2735 832 et

499 839 585 876 and
601 838 758 878 othere.

498 1273 590 1313 ‘rho
606 1272 756 1324 bhhop

497 1324 547 1362 of
556 1325 730 1364 London

501 1374 625 1413 visite
642 1376 718 1415 the

497 1424 616 1473 king.

491 2886 637 2926 Letter
649 2886 698 2925 or

490 2937 565 2976 the
581 2936 688 2985 king
703 2938 749 2975 to

489 2986 746 3027 Alexander.

825 869 1306 952 dignitatibus,
1339 871 1525 954 quod
1562 871 1771 936 etiam
1807 870 1979 953 ipsis
2010 871 2266 952 legatis
2300 870 2501 953 quasi
2535 869 2733 933 nefas

827 971 1214 1036 videbatur.

979 1143 1209 1208 Literae
1241 1145 1403 1230 repis
1432 1143 1703 1208 Hmrici
1730 1143 1824 1208 ad
1835 1165 2085 1230 papam
2109 1143 2565 1210 Alexandrum.

927 1268 1187 1333 Eodem
1233 1289 1416 1334 anno
1450 1267 1876 1347 GilebertuS,
1916 1269 2422 1335 Londoniensis
2462 1270 2730 1353 episco-

823 1387 980 1450 pus,
1020 1368 1523 1447 transfretavit,
1565 1387 1764 1432 suam
1809 1368 2088 1434 domino
2128 1389 2333 1453 papae
2376 1370 2724 1434 exhibitu-

822 1487 942 1531 rus
985 1469 1428 1551 praesentiam
1472 1476 1544 1533 et
1588 1487 1839 1532 causas
1890 1469 2379 1552 appellationis
2416 1469 2730 1534 redditu-

821 1586 981 1647 rns3
1029 1587 1166 1650 quo
1210 1568 1534 1634 veniente
1578 1567 1667 1631 ad
1713 1587 1949 1650 regem
1983 1567 2374 1652 Anglorum
2420 1569 2495 1632 in
2541 1569 2731 1633 Nor-

820 1668 1196 1744 manniam,
1251 1675 1554 1732 tractare
1599 1675 1964 1751 coeperunt
2022 1670 2517 1746 communiter,
2555 1689 2723 1751 quo-

821 1767 1026 1830 modo
1058 1768 1339 1832 beatum
1365 1766 1732 1846 Thomam,
1767 1767 2343 1834 Cantuariensem
2383 1768 2720 1852 archiepi-

819 1885 1129 1950 scopum,
1163 1867 1324 1932 dolo
1360 1866 1941 1933 circumvenirent
1970 1876 2043 1941 et
2074 1888 2357 1934 causam
2393 1868 2545 1953 ejus
2565 1868 2723 1953 jus-

816 1965 1156 2030 tissimam
1197 1968 1270 2030 in
1309 1973 1688 2050 conspectu
1732 1969 1980 2032 summi
2020 1969 2364 2053 pontificis
2394 1956 2719 2050 denigrass

818 2073 992 2130 rent.
1040 2065 1352 2131 Tandem
1370 2065 1444 2130 in
1466 2066 1599 2130 hoc
1620 2076 2144 2146 consenserunt,
2168 2076 2249 2134 ut
2270 2089 2396 2133 rex
2417 2068 2718 2132 Romam

817 2165 1122 2230 mitteret
1170 2165 1494 2230 solennes
1538 2167 1819 2231 nuntios
1871 2187 2027 2232 cum
2078 2168 2300 2232 literis
2353 2168 2596 2251 ipsiuS,
2647 2169 2719 2232 in

815 2263 1068 2346 quibus
1105 2285 1435 2348 expresse
1469 2265 1749 2331 domin-o
1784 2287 1984 2350 papae
2015 2267 2478 2345 denuntiaret,
2506 2268 2721 2349 quod,

817 2363 952 2427 nisi
1000 2365 1393 2446 superbiam
1440 2364 1754 2443 Thomae,
1801 2366 2323 2432 cantuariensis
2374 2367 2719 2450 archiepi-

816 2463 1044 2547 scopi,',
1075 2464 1468 2531 severitatis
1513 2465 1689 2549 pede
1739 2472 2149 2546 contereret,
2186 2468 2339 2551 ipse
2372 2474 2445 2532 et
2479 2487 2719 2533 omnes

814 2564 1109 2629 barones
1145 2564 1436 2648 Angliae
1481 2585 1640 2630 cum
1683 2566 1853 2631 >viris
1898 2567 2385 2633 ecclesiasticis
2428 2568 2520 2631 ab
2565 2568 2720 2652 ejus

815 2664 1208 2729 obedientia
1280 2666 1679 2731 recederent
1712 2686 1731 2747 ;
1794 2667 2149 2732 literarum
2216 2674 2449 2732 autem
2513 2675 2718 2733 tenor

813 2762 940 2827 hic.
959 2771 1134 2842 erat,
1157 2784 1334 2848 quas
1363 2766 1643 2830 domino
1674 2785 1877 2848 papae
1908 2767 2331 2848 transmisit3

913 2868 934 2897 ‘
971 2862 1276 2941 Vestrae,
1296 2858 1314 2895 ¹
1374 2871 1599 2947 pater,
1667 2866 1861 2930 satis·
1900 2866 2275 2931 innotescit
2330 2867 2717 2945 serenitati,

811 2970 1076 3044 quanta
1096 2982 1206 3028 me
1231 2971 1301 3027 et
1332 2970 1588 3027 terram
1610 2984 1832 3030 meam
1855 2964 2105 3048 affligit
2135 2966 2475 3043 molestia,
2499 2987 2719 3049 quan-

812 3062 904 3126 tis
931 3082 1042 3126 me
1070 3064 1432 3129 vexaverit
1462 3062 1761 3148 injuriis,
1794 3063 2103 3129 Thomas
2129 3066 2248 3130 ille
2276 3066 2717 3131 adversarius

811 3181 1040 3239 meus»,
1065 3182 1247 3240 cum,
1283 3170 1461 3227 teste
1497 3165 1945 3243 conscientia,
1978 3166 2149 3230 nihil
2194 3166 2583 3243 meruerim,
2614 3168 2715 3231 nil

809 3262 1140 3341 gesserim
1176 3269 1378 3328 tanta
1412 3258 1833 3327 contumelia
1860 3264 2171 3347 dignum.
2237 3264 2449 3330 Nunc
2480 3273 2713 3330 autem

807 3361 1184 3425 innumeris
1240 3362 1786 3444 praecedentibus
1849 3384 2103 3429 novam
2158 3364 2415 3449 adjecit
2471 3366 2719 3450 injuri-

808 3480 945 3538 am,
976 3480 1134 3524 cum
1167 3459 1474 3543 affligere
1507 3479 1645 3526 non
1678 3463 1931 3528 desinit
1960 3465 2431 3545 innocentem3
2479 3474 2717 3531 vestra

807 3560 1144 3643 siquidem
1193 3560 1412 3625 fultus
1478 3564 1919 3640 auctoritate,
1966 3571 2048 3627 ut
2096 3565 2369 3641 asserit,
2422 3564 2713 3629 devotos

806 3668 878 3725 et
912 3661 1148 3726 fideles
1192 3660 1502 3725 ecclesiae
1549 3662 1889 3727 Romanae
1922 3663 2105 3727 filios
2158 3662 2708 3729 Londoniensem

806 3768 878 3825 et
909 3760 1498 3826 Saresberiensem
1538 3762 1922 3845 episcopm,
1958 3782 2117 3827 cum
2156 3759 2587 3845 quibusdam
2610 3764 2714 3827 fa·-

806 3861 1189 3925 miliaribus
1246 3860 1441 3937 meiS,
1489 3860 1955 3927 anathematis
2013 3864 2363 3927 sententia
2414 3863 2711 3929 innoda-

807 3961 934 4036 vit,
1003 3959 1261 4023 nullam
1315 3958 1647 4024 adversus
1709 3960 1835 4025 hos
1901 3962 2161 4027 habens
2231 3964 2713 4028 rationabilem

807 4075 1112 4121 causam.
1204 4057 1366 4123 Hoc
1400 4067 1633 4124 autem
1670 4081 1877 4143 quam
1914 4061 2007 4126 sit
2043 4062 2210 4126 mihi
2251 4062 2714 4142 intolerabile,

1139 4266 1156 4298 ¹
1189 4268 1391 4320 Vestroe.
1409 4264 1446 4338 ]
1467 4272 1716 4334 Compare
1749 4287 1868 4335 epp.
1899 4272 1988 4321 lib.
2014 4273 2089 4323 iii.
2111 4288 2192 4335 ep.
2215 4272 2379 4323 xlviii.
