<?xml version="1.0" encoding="UTF-8"?>
<!DOCTYPE html PUBLIC "-//W3C//DTD XHTML 1.0 Transitional//EN"
    "http://www.w3.org/TR/xhtml1/DTD/xhtml1-transitional.dtd">
<html xmlns="http://www.w3.org/1999/xhtml" xml:lang="en" lang="en">
 <head>
  <title>
</title>
<meta http-equiv="Content-Type" content="text/html;charset=utf-8" />
  <meta name='ocr-system' content='tesseract 3.04.00' />
  <meta name='ocr-capabilities' content='ocr_page ocr_carea ocr_par ocr_line ocrx_word'/>
</head>
<body>
  <div class='ocr_page' id='page_1' title='image "./rogeridewendove00coxegoog_0060.png"; bbox 0 0 3108 5059; ppageno 0'>
   <div class='ocr_carea' id='block_1_1' title="bbox 825 493 2213 559">
    <p class='ocr_par' dir='ltr' id='par_1_1' title="bbox 825 493 2213 559">
     <span class='ocr_line' id='line_1_1' title="bbox 825 493 2213 559; baseline -0.001 -2"><span class='ocrx_word' id='word_1_1' title='bbox 825 493 914 559; x_wconf 82' lang='lat'>52</span> <span class='ocrx_word' id='word_1_2' title='bbox 1341 508 1608 556; x_wconf 71' lang='lat' dir='ltr'>nocam</span> <span class='ocrx_word' id='word_1_3' title='bbox 1660 506 1754 555; x_wconf 76' lang='lat' dir='ltr'>nn</span> <span class='ocrx_word' id='word_1_4' title='bbox 1800 506 2213 556; x_wconf 67' lang='lat' dir='ltr'>wannovsn</span> 
     </span>
    </p>
   </div>
   <div class='ocr_carea' id='block_1_2' title="bbox 504 666 2753 850">
    <p class='ocr_par' dir='ltr' id='par_1_2' title="bbox 504 666 2753 850">
     <span class='ocr_line' id='line_1_2' title="bbox 504 666 2753 774; baseline -0.002 -43"><span class='ocrx_word' id='word_1_5' title='bbox 504 683 752 774; x_wconf 57' lang='lat' dir='ltr'>ssiss‘o}⁰⁹⁵&#39;</span> <span class='ocrx_word' id='word_1_6' title='bbox 830 668 1364 752; x_wconf 79' lang='lat' dir='ltr'><strong>archiepiscopis</strong></span> <span class='ocrx_word' id='word_1_7' title='bbox 1395 667 1733 733; x_wconf 77' lang='lat' dir='ltr'>catholice</span> <span class='ocrx_word' id='word_1_8' title='bbox 1756 668 2120 733; x_wconf 87' lang='lat' dir='ltr'>institutis.</span> <span class='ocrx_word' id='word_1_9' title='bbox 2232 666 2453 730; x_wconf 90' lang='lat' dir='ltr'>Facta</span> <span class='ocrx_word' id='word_1_10' title='bbox 2480 672 2588 729; x_wconf 91' lang='lat' dir='ltr'>est</span> <span class='ocrx_word' id='word_1_11' title='bbox 2618 681 2753 728; x_wconf 86' lang='lat' dir='ltr'>au-·</span> 
     </span>
     <span class='ocr_line' id='line_1_3' title="bbox 505 764 2739 850; baseline -0.003 -16"><span class='ocrx_word' id='word_1_12' title='bbox 505 784 716 825; x_wconf 71' lang='lat' dir='ltr'>wulstan-</span> <span class='ocrx_word' id='word_1_13' title='bbox 830 776 970 834; x_wconf 84' lang='lat' dir='ltr'>tem</span> <span class='ocrx_word' id='word_1_14' title='bbox 1004 768 1152 833; x_wconf 80' lang='lat' dir='ltr'>haec</span> <span class='ocrx_word' id='word_1_15' title='bbox 1189 770 1623 833; x_wconf 87' lang='lat' dir='ltr'>consecratio</span> <span class='ocrx_word' id='word_1_16' title='bbox 1654 788 1837 833; x_wconf 90' lang='lat' dir='ltr'>anno</span> <span class='ocrx_word' id='word_1_17' title='bbox 1868 768 2057 850; x_wconf 86' lang='lat' dir='ltr'>regis</span> <span class='ocrx_word' id='word_1_18' title='bbox 2106 766 2334 833; x_wconf 90' lang='lat' dir='ltr'>sancti</span> <span class='ocrx_word' id='word_1_19' title='bbox 2367 764 2739 831; x_wconf 84' lang='lat' dir='ltr'>Eadwardi</span> 
     </span>
    </p>
   </div>
   <div class='ocr_carea' id='block_1_3' title="bbox 829 865 2737 952">
    <p class='ocr_par' dir='ltr' id='par_1_3' title="bbox 829 865 2737 952">
     <span class='ocr_line' id='line_1_4' title="bbox 829 865 2737 952; baseline -0.002 -19"><span class='ocrx_word' id='word_1_20' title='bbox 829 870 1193 951; x_wconf 85' lang='lat' dir='ltr'>vigesimo,</span> <span class='ocrx_word' id='word_1_21' title='bbox 1214 869 1591 934; x_wconf 82' lang='lat' dir='ltr'>indictione</span> <span class='ocrx_word' id='word_1_22' title='bbox 1624 868 1889 933; x_wconf 89' lang='lat' dir='ltr'>decima</span> <span class='ocrx_word' id='word_1_23' title='bbox 1923 870 2193 952; x_wconf 86' lang='lat' dir='ltr'>quinta,</span> <span class='ocrx_word' id='word_1_24' title='bbox 2212 867 2326 931; x_wconf 88' lang='lat' dir='ltr'>die</span> <span class='ocrx_word' id='word_1_25' title='bbox 2348 865 2737 930; x_wconf 80' lang='lat' dir='ltr'>Dominica.</span> 
     </span>
    </p>
   </div>
   <div class='ocr_carea' id='block_1_4' title="bbox 1031 1044 2539 1131">
    <p class='ocr_par' dir='ltr' id='par_1_4' title="bbox 1031 1044 2539 1131">
     <span class='ocr_line' id='line_1_5' title="bbox 1031 1044 2539 1131; baseline -0.003 -20"><span class='ocrx_word' id='word_1_26' title='bbox 1031 1046 1132 1111; x_wconf 82' lang='lat' dir='ltr'>De</span> <span class='ocrx_word' id='word_1_27' title='bbox 1160 1044 1492 1112; x_wconf 74' lang='lat' dir='ltr'>virtutibus</span> <span class='ocrx_word' id='word_1_28' title='bbox 1519 1045 1723 1111; x_wconf 77' lang='lat' dir='ltr'>sancti</span> <span class='ocrx_word' id='word_1_29' title='bbox 1765 1045 2041 1111; x_wconf 76' lang='lat' dir='ltr'>Wstani</span> <span class='ocrx_word' id='word_1_30' title='bbox 2068 1044 2137 1109; x_wconf 73' lang='lat' dir='ltr'>in</span> <span class='ocrx_word' id='word_1_31' title='bbox 2166 1044 2539 1131; x_wconf 72' lang='lat' dir='ltr'>episcopatu.</span> 
     </span>
    </p>
   </div>
   <div class='ocr_carea' id='block_1_5' title="bbox 830 1169 2757 3872">
    <p class='ocr_par' dir='ltr' id='par_1_5' title="bbox 830 1169 2757 3872">
     <span class='ocr_line' id='line_1_6' title="bbox 938 1169 2757 1255; baseline -0.002 -19"><span class='ocrx_word' id='word_1_32' title='bbox 938 1172 1210 1237; x_wconf 89' lang='lat' dir='ltr'>Claruit</span> <span class='ocrx_word' id='word_1_33' title='bbox 1255 1172 1474 1255; x_wconf 87' lang='lat' dir='ltr'>igitur</span> <span class='ocrx_word' id='word_1_34' title='bbox 1519 1173 1765 1237; x_wconf 89' lang='lat' dir='ltr'>beatus</span> <span class='ocrx_word' id='word_1_35' title='bbox 1797 1169 2167 1235; x_wconf 89' lang='lat' dir='ltr'>Wlstanus</span> <span class='ocrx_word' id='word_1_36' title='bbox 2210 1169 2281 1232; x_wconf 90' lang='lat' dir='ltr'>in</span> <span class='ocrx_word' id='word_1_37' title='bbox 2332 1170 2757 1251; x_wconf 76' lang='lat' dir='ltr'>episcopatu.</span> 
     </span>
     <span class='ocr_line' id='line_1_7' title="bbox 835 1270 2751 1355; baseline -0.003 -18"><span class='ocrx_word' id='word_1_38' title='bbox 835 1273 1310 1355; x_wconf 85' lang='lat' dir='ltr'>Wigorniensi</span> <span class='ocrx_word' id='word_1_39' title='bbox 1365 1274 1567 1337; x_wconf 86' lang='lat' dir='ltr'>annis</span> <span class='ocrx_word' id='word_1_40' title='bbox 1614 1272 1967 1349; x_wconf 84' lang='lat' dir='ltr'>tredecim,</span> <span class='ocrx_word' id='word_1_41' title='bbox 2030 1271 2437 1354; x_wconf 86' lang='lat' dir='ltr'>simpliciter</span> <span class='ocrx_word' id='word_1_42' title='bbox 2489 1289 2573 1335; x_wconf 91' lang='lat' dir='ltr'>ac</span> <span class='ocrx_word' id='word_1_43' title='bbox 2622 1270 2751 1352; x_wconf 86' lang='lat' dir='ltr'>pie.</span> 
     </span>
     <span class='ocr_line' id='line_1_8' title="bbox 835 1372 2738 1455; baseline -0.003 -16"><span class='ocrx_word' id='word_1_44' title='bbox 835 1374 1158 1451; x_wconf 84' lang='lat' dir='ltr'>vivendo,</span> <span class='ocrx_word' id='word_1_45' title='bbox 1189 1375 1561 1455; x_wconf 88' lang='lat' dir='ltr'>unicuique</span> <span class='ocrx_word' id='word_1_46' title='bbox 1592 1372 1779 1455; x_wconf 89' lang='lat' dir='ltr'>quod</span> <span class='ocrx_word' id='word_1_47' title='bbox 1824 1392 2026 1436; x_wconf 87' lang='lat' dir='ltr'>suum</span> <span class='ocrx_word' id='word_1_48' title='bbox 2072 1379 2224 1435; x_wconf 86' lang='lat' dir='ltr'>erat</span> <span class='ocrx_word' id='word_1_49' title='bbox 2255 1372 2587 1448; x_wconf 80' lang='lat' dir='ltr'>tribuenS,</span> <span class='ocrx_word' id='word_1_50' title='bbox 2620 1390 2738 1434; x_wconf 90' lang='lat' dir='ltr'>us-</span> 
     </span>
     <span class='ocr_line' id='line_1_9' title="bbox 837 1470 2738 1558; baseline -0.002 -20"><span class='ocrx_word' id='word_1_51' title='bbox 837 1495 973 1558; x_wconf 86' lang='lat' dir='ltr'>que</span> <span class='ocrx_word' id='word_1_52' title='bbox 1023 1476 1095 1538; x_wconf 89' lang='lat' dir='ltr'>in</span> <span class='ocrx_word' id='word_1_53' title='bbox 1129 1482 1444 1557; x_wconf 92' lang='lat' dir='ltr'>tempora</span> <span class='ocrx_word' id='word_1_54' title='bbox 1476 1474 1659 1556; x_wconf 85' lang='lat' dir='ltr'>regis</span> <span class='ocrx_word' id='word_1_55' title='bbox 1687 1473 2047 1549; x_wconf 84' lang='lat' dir='ltr'>willelmi,</span> <span class='ocrx_word' id='word_1_56' title='bbox 2090 1473 2235 1555; x_wconf 91' lang='lat' dir='ltr'>qui,</span> <span class='ocrx_word' id='word_1_57' title='bbox 2270 1470 2531 1554; x_wconf 84' lang='lat' dir='ltr'>Anglia</span> <span class='ocrx_word' id='word_1_58' title='bbox 2572 1472 2738 1535; x_wconf 87' lang='lat' dir='ltr'>sub-</span> 
     </span>
     <span class='ocr_line' id='line_1_10' title="bbox 830 1573 2739 1659; baseline -0.002 -21"><span class='ocrx_word' id='word_1_59' title='bbox 830 1575 1105 1659; x_wconf 84' lang='lat' dir='ltr'>jugata,</span> <span class='ocrx_word' id='word_1_60' title='bbox 1158 1584 1236 1640; x_wconf 88' lang='lat' dir='ltr'>ut</span> <span class='ocrx_word' id='word_1_61' title='bbox 1281 1573 1687 1658; x_wconf 74' lang='lat' dir='ltr'>praedictum</span> <span class='ocrx_word' id='word_1_62' title='bbox 1738 1581 1868 1650; x_wconf 87' lang='lat' dir='ltr'>est,</span> <span class='ocrx_word' id='word_1_63' title='bbox 1919 1573 2210 1637; x_wconf 87' lang='lat' dir='ltr'>rebelles</span> <span class='ocrx_word' id='word_1_64' title='bbox 2252 1573 2385 1636; x_wconf 87' lang='lat' dir='ltr'>sibi</span> <span class='ocrx_word' id='word_1_65' title='bbox 2427 1592 2739 1655; x_wconf 90' lang='lat' dir='ltr'>quosque</span> 
     </span>
     <span class='ocr_line' id='line_1_11' title="bbox 839 1673 2737 1759; baseline -0.002 -19"><span class='ocrx_word' id='word_1_66' title='bbox 839 1676 952 1740; x_wconf 85' lang='lat' dir='ltr'>vel</span> <span class='ocrx_word' id='word_1_67' title='bbox 1003 1696 1046 1739; x_wconf 92' lang='lat' dir='ltr'>a</span> <span class='ocrx_word' id='word_1_68' title='bbox 1095 1695 1312 1758; x_wconf 87' lang='lat' dir='ltr'>regno</span> <span class='ocrx_word' id='word_1_69' title='bbox 1363 1674 1906 1759; x_wconf 83' lang='lat' dir='ltr'>proscripsisset,</span> <span class='ocrx_word' id='word_1_70' title='bbox 1956 1673 2069 1737; x_wconf 84' lang='lat' dir='ltr'>vel</span> <span class='ocrx_word' id='word_1_71' title='bbox 2121 1674 2413 1737; x_wconf 89' lang='lat' dir='ltr'>vinculis</span> <span class='ocrx_word' id='word_1_72' title='bbox 2474 1674 2737 1737; x_wconf 90' lang='lat' dir='ltr'>manci-</span> 
     </span>
     <span class='ocr_line' id='line_1_12' title="bbox 839 1774 2739 1859; baseline -0.002 -19"><span class='ocrx_word' id='word_1_73' title='bbox 839 1783 1099 1859; x_wconf 89' lang='lat' dir='ltr'>passet,</span> <span class='ocrx_word' id='word_1_74' title='bbox 1133 1775 1242 1841; x_wconf 89' lang='lat' dir='ltr'>vel</span> <span class='ocrx_word' id='word_1_75' title='bbox 1295 1775 1370 1839; x_wconf 91' lang='lat' dir='ltr'>in</span> <span class='ocrx_word' id='word_1_76' title='bbox 1420 1776 1827 1840; x_wconf 84' lang='lat' dir='ltr'>servitutem</span> <span class='ocrx_word' id='word_1_77' title='bbox 1860 1782 1929 1839; x_wconf 92' lang='lat' dir='ltr'>et</span> <span class='ocrx_word' id='word_1_78' title='bbox 1962 1781 2343 1839; x_wconf 79' lang='lat' dir='ltr'>extremam</span> <span class='ocrx_word' id='word_1_79' title='bbox 2394 1774 2739 1837; x_wconf 89' lang='lat' dir='ltr'>miseriam</span> 
     </span>
     <span class='ocr_line' id='line_1_13' title="bbox 838 1873 2740 1957; baseline -0.001 -18"><span class='ocrx_word' id='word_1_80' title='bbox 838 1877 1252 1942; x_wconf 81' lang='lat' dir='ltr'>induxisset.</span> <span class='ocrx_word' id='word_1_81' title='bbox 1337 1876 1500 1941; x_wconf 84' lang='lat' dir='ltr'>Rex</span> <span class='ocrx_word' id='word_1_82' title='bbox 1546 1875 1827 1940; x_wconf 87' lang='lat' dir='ltr'>tandem</span> <span class='ocrx_word' id='word_1_83' title='bbox 1860 1874 2279 1952; x_wconf 82' lang='lat' dir='ltr'>WillelmuS,</span> <span class='ocrx_word' id='word_1_84' title='bbox 2310 1873 2397 1937; x_wconf 87' lang='lat' dir='ltr'>de</span> <span class='ocrx_word' id='word_1_85' title='bbox 2440 1874 2740 1957; x_wconf 84' lang='lat' dir='ltr'>negotiis</span> 
     </span>
     <span class='ocr_line' id='line_1_14' title="bbox 839 1975 2742 2060; baseline -0.001 -20"><span class='ocrx_word' id='word_1_86' title='bbox 839 1984 1142 2043; x_wconf 88' lang='lat' dir='ltr'>tractare</span> <span class='ocrx_word' id='word_1_87' title='bbox 1203 1978 1579 2060; x_wconf 88' lang='lat' dir='ltr'>disponens</span> <span class='ocrx_word' id='word_1_88' title='bbox 1638 1976 2147 2054; x_wconf 85' lang='lat' dir='ltr'>ecclesiasticiS‚</span> <span class='ocrx_word' id='word_1_89' title='bbox 2211 1995 2393 2039; x_wconf 91' lang='lat' dir='ltr'>anno</span> <span class='ocrx_word' id='word_1_90' title='bbox 2460 1975 2742 2042; x_wconf 86' lang='lat' dir='ltr'>Domini</span> 
     </span>
     <span class='ocr_line' id='line_1_15' title="bbox 839 2075 2740 2162; baseline -0.001 -21"><span class='ocrx_word' id='word_1_91' title='bbox 839 2079 1204 2143; x_wconf 89' lang='lat' dir='ltr'>millesimo</span> <span class='ocrx_word' id='word_1_92' title='bbox 1255 2078 1770 2162; x_wconf 84' lang='lat' dir='ltr'>septuagesimo</span> <span class='ocrx_word' id='word_1_93' title='bbox 1806 2078 2051 2160; x_wconf 90' lang='lat' dir='ltr'>quinto</span> <span class='ocrx_word' id='word_1_94' title='bbox 2086 2075 2248 2140; x_wconf 86' lang='lat' dir='ltr'>fecit</span> <span class='ocrx_word' id='word_1_95' title='bbox 2284 2076 2468 2159; x_wconf 87' lang='lat' dir='ltr'>apud</span> <span class='ocrx_word' id='word_1_96' title='bbox 2502 2076 2740 2141; x_wconf 72' lang='lat' dir='ltr'>West-</span> 
     </span>
     <span class='ocr_line' id='line_1_16' title="bbox 841 2176 2739 2263; baseline 0 -22"><span class='ocrx_word' id='word_1_97' title='bbox 841 2179 1332 2243; x_wconf 89' lang='lat' dir='ltr'>monasterium</span> <span class='ocrx_word' id='word_1_98' title='bbox 1364 2177 1702 2263; x_wconf 85' lang='lat' dir='ltr'>synodum</span> <span class='ocrx_word' id='word_1_99' title='bbox 1732 2177 2141 2259; x_wconf 84' lang='lat' dir='ltr'>congregari</span> <span class='ocrx_word' id='word_1_100' title='bbox 2166 2198 2183 2256; x_wconf 93' lang='lat'>;</span> <span class='ocrx_word' id='word_1_101' title='bbox 2221 2177 2335 2240; x_wconf 91' lang='lat' dir='ltr'>cui</span> <span class='ocrx_word' id='word_1_102' title='bbox 2360 2176 2739 2259; x_wconf 77' lang='lat' dir='ltr'>praesidens</span> 
     </span>
     <span class='ocr_line' id='line_1_17' title="bbox 842 2277 2737 2360; baseline -0.001 -19"><span class='ocrx_word' id='word_1_103' title='bbox 842 2278 1298 2356; x_wconf 87' lang='lat' dir='ltr'>Lanfrancus,</span> <span class='ocrx_word' id='word_1_104' title='bbox 1363 2277 1888 2343; x_wconf 85' lang='lat' dir='ltr'>Cantuariensis</span> <span class='ocrx_word' id='word_1_105' title='bbox 1940 2277 2522 2360; x_wconf 84' lang='lat' dir='ltr'>archiepiscopuS‚</span> <span class='ocrx_word' id='word_1_106' title='bbox 2582 2297 2737 2341; x_wconf 91' lang='lat' dir='ltr'>cum</span> 
     </span>
     <span class='ocr_line' id='line_1_18' title="bbox 840 2377 2739 2463; baseline -0.001 -21"><span class='ocrx_word' id='word_1_107' title='bbox 840 2381 986 2443; x_wconf 88' lang='lat' dir='ltr'>suis</span> <span class='ocrx_word' id='word_1_108' title='bbox 1018 2380 1474 2461; x_wconf 85' lang='lat' dir='ltr'>suffraganeis</span> <span class='ocrx_word' id='word_1_109' title='bbox 1505 2380 1723 2463; x_wconf 86' lang='lat' dir='ltr'>coepit</span> <span class='ocrx_word' id='word_1_110' title='bbox 1745 2377 2156 2460; x_wconf 87' lang='lat' dir='ltr'>corrigenda</span> <span class='ocrx_word' id='word_1_111' title='bbox 2200 2379 2567 2460; x_wconf 85' lang='lat' dir='ltr'>corrigere,</span> <span class='ocrx_word' id='word_1_112' title='bbox 2599 2378 2739 2441; x_wconf 90' lang='lat' dir='ltr'>cle—</span> 
     </span>
     <span class='ocr_line' id='line_1_19' title="bbox 841 2478 2739 2545; baseline 0 -1"><span class='ocrx_word' id='word_1_113' title='bbox 841 2480 1000 2545; x_wconf 89' lang='lat' dir='ltr'>ricis</span> <span class='ocrx_word' id='word_1_114' title='bbox 1036 2482 1247 2545; x_wconf 89' lang='lat' dir='ltr'>etiam</span> <span class='ocrx_word' id='word_1_115' title='bbox 1284 2486 1358 2545; x_wconf 87' lang='lat' dir='ltr'>et</span> <span class='ocrx_word' id='word_1_116' title='bbox 1391 2480 1749 2545; x_wconf 89' lang='lat' dir='ltr'>monachis</span> <span class='ocrx_word' id='word_1_117' title='bbox 1797 2479 2261 2544; x_wconf 88' lang='lat' dir='ltr'>honestiorem</span> <span class='ocrx_word' id='word_1_118' title='bbox 2290 2478 2569 2544; x_wconf 85' lang='lat' dir='ltr'>vivendi</span> <span class='ocrx_word' id='word_1_119' title='bbox 2599 2478 2739 2544; x_wconf 79' lang='lat' dir='ltr'>for-</span> 
     </span>
     <span class='ocr_line' id='line_1_20' title="bbox 842 2579 2739 2665; baseline 0.001 -21"><span class='ocrx_word' id='word_1_120' title='bbox 842 2601 1024 2644; x_wconf 90' lang='lat' dir='ltr'>mam</span> <span class='ocrx_word' id='word_1_121' title='bbox 1057 2584 1389 2665; x_wconf 79' lang='lat' dir='ltr'>praebere.</span> <span class='ocrx_word' id='word_1_122' title='bbox 1442 2579 1655 2664; x_wconf 88' lang='lat' dir='ltr'>Apud</span> <span class='ocrx_word' id='word_1_123' title='bbox 1683 2579 1865 2645; x_wconf 91' lang='lat' dir='ltr'>hunc</span> <span class='ocrx_word' id='word_1_124' title='bbox 1886 2580 2477 2662; x_wconf 89' lang='lat' dir='ltr'>archiepiscopum</span> <span class='ocrx_word' id='word_1_125' title='bbox 2495 2581 2739 2645; x_wconf 88' lang='lat' dir='ltr'>beatus</span> 
     </span>
     <span class='ocr_line' id='line_1_21' title="bbox 841 2681 2737 2765; baseline -0.001 -18"><span class='ocrx_word' id='word_1_126' title='bbox 841 2682 1210 2748; x_wconf 90' lang='lat' dir='ltr'>Wlstanus</span> <span class='ocrx_word' id='word_1_127' title='bbox 1263 2682 1731 2765; x_wconf 84' lang='lat' dir='ltr'>simplicitatis</span> <span class='ocrx_word' id='word_1_128' title='bbox 1765 2689 1837 2745; x_wconf 90' lang='lat' dir='ltr'>et</span> <span class='ocrx_word' id='word_1_129' title='bbox 1868 2681 2299 2745; x_wconf 85' lang='lat' dir='ltr'>illiteraturae</span> <span class='ocrx_word' id='word_1_130' title='bbox 2344 2688 2737 2759; x_wconf 83' lang='lat' dir='ltr'>accusatuS‚</span> 
     </span>
     <span class='ocr_line' id='line_1_22' title="bbox 839 2780 2739 2865; baseline 0 -20"><span class='ocrx_word' id='word_1_131' title='bbox 839 2790 913 2847; x_wconf 89' lang='lat' dir='ltr'>et</span> <span class='ocrx_word' id='word_1_132' title='bbox 959 2784 1159 2865; x_wconf 84' lang='lat' dir='ltr'>quasi</span> <span class='ocrx_word' id='word_1_133' title='bbox 1208 2781 1412 2846; x_wconf 89' lang='lat' dir='ltr'>homo</span> <span class='ocrx_word' id='word_1_134' title='bbox 1467 2783 1710 2858; x_wconf 89' lang='lat' dir='ltr'>idiota,</span> <span class='ocrx_word' id='word_1_135' title='bbox 1766 2781 1887 2865; x_wconf 90' lang='lat' dir='ltr'>qui</span> <span class='ocrx_word' id='word_1_136' title='bbox 1932 2781 2243 2863; x_wconf 84' lang='lat' dir='ltr'>linguam</span> <span class='ocrx_word' id='word_1_137' title='bbox 2301 2780 2739 2846; x_wconf 84' lang='lat' dir='ltr'>Gallicanam</span> 
     </span>
     <span class='ocr_line' id='line_1_23' title="bbox 842 2882 2739 2965; baseline 0.002 -20"><span class='ocrx_word' id='word_1_138' title='bbox 842 2902 983 2946; x_wconf 90' lang='lat' dir='ltr'>non</span> <span class='ocrx_word' id='word_1_139' title='bbox 1033 2891 1324 2947; x_wconf 90' lang='lat' dir='ltr'>noverat</span> <span class='ocrx_word' id='word_1_140' title='bbox 1383 2901 1509 2946; x_wconf 91' lang='lat' dir='ltr'>nec</span> <span class='ocrx_word' id='word_1_141' title='bbox 1553 2882 1765 2964; x_wconf 87' lang='lat' dir='ltr'>regiis</span> <span class='ocrx_word' id='word_1_142' title='bbox 1809 2882 2115 2946; x_wconf 88' lang='lat' dir='ltr'>consiliis</span> <span class='ocrx_word' id='word_1_143' title='bbox 2164 2883 2499 2946; x_wconf 90' lang='lat' dir='ltr'>interesse</span> <span class='ocrx_word' id='word_1_144' title='bbox 2542 2891 2739 2965; x_wconf 91' lang='lat' dir='ltr'>pote-</span> 
     </span>
     <span class='ocr_line' id='line_1_24' title="bbox 841 2981 2743 3066; baseline 0.001 -20"><span class='ocrx_word' id='word_1_145' title='bbox 841 2992 975 3061; x_wconf 90' lang='lat' dir='ltr'>rat,</span> <span class='ocrx_word' id='word_1_146' title='bbox 1021 2985 1175 3066; x_wconf 92' lang='lat' dir='ltr'>ipso</span> <span class='ocrx_word' id='word_1_147' title='bbox 1224 3003 1389 3065; x_wconf 86' lang='lat' dir='ltr'>rege</span> <span class='ocrx_word' id='word_1_148' title='bbox 1435 2983 1909 3047; x_wconf 82' lang='lat' dir='ltr'>consentiente</span> <span class='ocrx_word' id='word_1_149' title='bbox 1954 2990 2024 3046; x_wconf 92' lang='lat' dir='ltr'>et</span> <span class='ocrx_word' id='word_1_150' title='bbox 2069 2981 2198 3046; x_wconf 95' lang='lat' dir='ltr'>hoc</span> <span class='ocrx_word' id='word_1_151' title='bbox 2249 2982 2579 3060; x_wconf 87' lang='lat' dir='ltr'>dictante,</span> <span class='ocrx_word' id='word_1_152' title='bbox 2622 2985 2743 3048; x_wconf 73' lang='lat' dir='ltr'>de·-</span> 
     </span>
     <span class='ocr_line' id='line_1_25' title="bbox 842 3079 2743 3167; baseline 0 -19"><span class='ocrx_word' id='word_1_153' title='bbox 842 3085 1144 3159; x_wconf 87' lang='lat' dir='ltr'>cernitur</span> <span class='ocrx_word' id='word_1_154' title='bbox 1205 3083 1673 3167; x_wconf 85' lang='lat' dir='ltr'>deponenduS.</span> <span class='ocrx_word' id='word_1_155' title='bbox 1778 3082 2007 3165; x_wconf 87' lang='lat' dir='ltr'>Igitur</span> <span class='ocrx_word' id='word_1_156' title='bbox 2052 3079 2508 3160; x_wconf 78' lang='lat' dir='ltr'>Lan&#39;francuS,</span> <span class='ocrx_word' id='word_1_157' title='bbox 2559 3085 2743 3148; x_wconf 88' lang='lat' dir='ltr'>inter</span> 
     </span>
     <span class='ocr_line' id='line_1_26' title="bbox 841 3182 2743 3270; baseline 0.001 -22"><span class='ocrx_word' id='word_1_158' title='bbox 841 3193 1096 3250; x_wconf 84' lang='lat' dir='ltr'>caetera</span> <span class='ocrx_word' id='word_1_159' title='bbox 1128 3184 1400 3248; x_wconf 91' lang='lat' dir='ltr'>concilii</span> <span class='ocrx_word' id='word_1_160' title='bbox 1435 3190 1727 3261; x_wconf 88' lang='lat' dir='ltr'>statuta,</span> <span class='ocrx_word' id='word_1_161' title='bbox 1760 3183 1984 3248; x_wconf 85' lang='lat' dir='ltr'>virum</span> <span class='ocrx_word' id='word_1_162' title='bbox 2018 3182 2155 3248; x_wconf 92' lang='lat' dir='ltr'>Dei</span> <span class='ocrx_word' id='word_1_163' title='bbox 2180 3183 2580 3248; x_wconf 88' lang='lat' dir='ltr'>Wlstanum</span> <span class='ocrx_word' id='word_1_164' title='bbox 2618 3185 2743 3270; x_wconf 87' lang='lat' dir='ltr'>ju-</span> 
     </span>
     <span class='ocr_line' id='line_1_27' title="bbox 842 3284 2743 3366; baseline 0.001 -17"><span class='ocrx_word' id='word_1_165' title='bbox 842 3287 982 3363; x_wconf 88' lang='lat' dir='ltr'>bet,</span> <span class='ocrx_word' id='word_1_166' title='bbox 1023 3293 1101 3350; x_wconf 93' lang='lat' dir='ltr'>ut</span> <span class='ocrx_word' id='word_1_167' title='bbox 1152 3285 1476 3350; x_wconf 90' lang='lat' dir='ltr'>baculum</span> <span class='ocrx_word' id='word_1_168' title='bbox 1531 3304 1689 3349; x_wconf 90' lang='lat' dir='ltr'>cum</span> <span class='ocrx_word' id='word_1_169' title='bbox 1734 3284 1991 3349; x_wconf 90' lang='lat' dir='ltr'>annulo</span> <span class='ocrx_word' id='word_1_170' title='bbox 2036 3284 2464 3366; x_wconf 83' lang='lat' dir='ltr'>resignaret3</span> <span class='ocrx_word' id='word_1_171' title='bbox 2512 3292 2589 3349; x_wconf 88' lang='lat' dir='ltr'>at</span> <span class='ocrx_word' id='word_1_172' title='bbox 2633 3287 2743 3351; x_wconf 87' lang='lat' dir='ltr'>vir</span> 
     </span>
     <span class='ocr_line' id='line_1_28' title="bbox 843 3384 2739 3466; baseline 0.001 -16"><span class='ocrx_word' id='word_1_173' title='bbox 843 3386 1127 3450; x_wconf 90' lang='lat' dir='ltr'>Domini</span> <span class='ocrx_word' id='word_1_174' title='bbox 1153 3385 1546 3462; x_wconf 79' lang='lat' dir='ltr'>WlstanuS,</span> <span class='ocrx_word' id='word_1_175' title='bbox 1581 3404 1709 3448; x_wconf 91' lang='lat' dir='ltr'>nec</span> <span class='ocrx_word' id='word_1_176' title='bbox 1743 3384 1943 3449; x_wconf 87' lang='lat' dir='ltr'>vultu</span> <span class='ocrx_word' id='word_1_177' title='bbox 1976 3391 2285 3448; x_wconf 88' lang='lat' dir='ltr'>mutatus</span> <span class='ocrx_word' id='word_1_178' title='bbox 2316 3405 2445 3450; x_wconf 89' lang='lat' dir='ltr'>nec</span> <span class='ocrx_word' id='word_1_179' title='bbox 2484 3387 2739 3466; x_wconf 89' lang='lat' dir='ltr'>animo,</span> 
     </span>
     <span class='ocr_line' id='line_1_29' title="bbox 843 3485 2742 3568; baseline 0.002 -20"><span class='ocrx_word' id='word_1_180' title='bbox 843 3487 1067 3550; x_wconf 83' lang='lat' dir='ltr'>erexit</span> <span class='ocrx_word' id='word_1_181' title='bbox 1097 3504 1171 3548; x_wconf 87' lang='lat' dir='ltr'>se</span> <span class='ocrx_word' id='word_1_182' title='bbox 1201 3493 1273 3549; x_wconf 90' lang='lat' dir='ltr'>et</span> <span class='ocrx_word' id='word_1_183' title='bbox 1304 3486 1576 3568; x_wconf 85' lang='lat' dir='ltr'>virgam</span> <span class='ocrx_word' id='word_1_184' title='bbox 1626 3485 2045 3568; x_wconf 86' lang='lat' dir='ltr'>pastoralem</span> <span class='ocrx_word' id='word_1_185' title='bbox 2090 3504 2299 3549; x_wconf 90' lang='lat' dir='ltr'>manu</span> <span class='ocrx_word' id='word_1_186' title='bbox 2338 3485 2585 3550; x_wconf 87' lang='lat' dir='ltr'>tenens</span> <span class='ocrx_word' id='word_1_187' title='bbox 2636 3509 2742 3552; x_wconf 89' lang='lat' dir='ltr'>re-</span> 
     </span>
     <span class='ocr_line' id='line_1_30' title="bbox 842 3585 2740 3672; baseline 0.002 -23"><span class='ocrx_word' id='word_1_188' title='bbox 842 3586 1149 3668; x_wconf 87' lang='lat' dir='ltr'>spondit,</span> <span class='ocrx_word' id='word_1_189' title='bbox 1213 3585 1490 3663; x_wconf 91' lang='lat' dir='ltr'>‘Vere,’</span> <span class='ocrx_word' id='word_1_190' title='bbox 1547 3587 1797 3668; x_wconf 92' lang='lat' dir='ltr'>inquit,</span> <span class='ocrx_word' id='word_1_191' title='bbox 1850 3591 1871 3620; x_wconf 91' lang='lat'>‘</span> <span class='ocrx_word' id='word_1_192' title='bbox 1897 3585 2171 3650; x_wconf 88' lang='lat' dir='ltr'>domine</span> <span class='ocrx_word' id='word_1_193' title='bbox 2231 3586 2324 3648; x_wconf 90' lang='lat' dir='ltr'>mi</span> <span class='ocrx_word' id='word_1_194' title='bbox 2400 3588 2740 3672; x_wconf 89' lang='lat' dir='ltr'>archiepi-</span> 
     </span>
     <span class='ocr_line' id='line_1_31' title="bbox 839 3685 2741 3771; baseline 0.002 -21"><span class='ocrx_word' id='word_1_195' title='bbox 839 3707 1072 3770; x_wconf 90' lang='lat' dir='ltr'>scope,</span> <span class='ocrx_word' id='word_1_196' title='bbox 1121 3705 1284 3751; x_wconf 85' lang='lat' dir='ltr'>vere</span> <span class='ocrx_word' id='word_1_197' title='bbox 1337 3686 1506 3763; x_wconf 92' lang='lat' dir='ltr'>scio,</span> <span class='ocrx_word' id='word_1_198' title='bbox 1568 3686 1733 3768; x_wconf 90' lang='lat' dir='ltr'>quia</span> <span class='ocrx_word' id='word_1_199' title='bbox 1795 3706 1920 3750; x_wconf 91' lang='lat' dir='ltr'>nec</span> <span class='ocrx_word' id='word_1_200' title='bbox 1982 3687 2115 3751; x_wconf 93' lang='lat' dir='ltr'>hoc</span> <span class='ocrx_word' id='word_1_201' title='bbox 2174 3685 2435 3751; x_wconf 87' lang='lat' dir='ltr'>honore</span> <span class='ocrx_word' id='word_1_202' title='bbox 2486 3688 2741 3771; x_wconf 83' lang='lat' dir='ltr'>dignus</span> 
     </span>
     <span class='ocr_line' id='line_1_32' title="bbox 839 3779 2743 3872; baseline 0.002 -21"><span class='ocrx_word' id='word_1_203' title='bbox 839 3807 1018 3866; x_wconf 91' lang='lat' dir='ltr'>sum,</span> <span class='ocrx_word' id='word_1_204' title='bbox 1050 3808 1176 3852; x_wconf 88' lang='lat' dir='ltr'>nec</span> <span class='ocrx_word' id='word_1_205' title='bbox 1213 3787 1431 3872; x_wconf 76' lang='lat' dir='ltr'>oneri,</span> <span class='ocrx_word' id='word_1_206' title='bbox 1458 3807 1585 3852; x_wconf 87' lang='lat' dir='ltr'>nec</span> <span class='ocrx_word' id='word_1_207' title='bbox 1616 3787 1778 3850; x_wconf 92' lang='lat' dir='ltr'>huic</span> <span class='ocrx_word' id='word_1_208' title='bbox 1800 3785 2147 3852; x_wconf 89' lang='lat' dir='ltr'>sufficiens</span> <span class='ocrx_word' id='word_1_209' title='bbox 2176 3787 2423 3866; x_wconf 87' lang='lat' dir='ltr'>labori,</span> <span class='ocrx_word' id='word_1_210' title='bbox 2459 3779 2613 3852; x_wconf 84' lang='lat' dir='ltr'>¹sed</span> <span class='ocrx_word' id='word_1_211' title='bbox 2643 3796 2743 3868; x_wconf 87' lang='lat' dir='ltr'>tu,</span> 
     </span>
    </p>
   </div>
   <div class='ocr_carea' id='block_1_6' title="bbox 831 4046 2746 4404">
    <p class='ocr_par' dir='ltr' id='par_1_6' title="bbox 831 4046 2746 4404">
     <span class='ocr_line' id='line_1_33' title="bbox 911 4046 2746 4115; baseline 0.003 -17"><span class='ocrx_word' id='word_1_212' title='bbox 911 4046 924 4075; x_wconf 88' lang='lat'><strong>¹</strong></span> <span class='ocrx_word' id='word_1_213' title='bbox 950 4049 1050 4100; x_wconf 80' lang='lat' dir='ltr'>Sed</span> <span class='ocrx_word' id='word_1_214' title='bbox 1085 4084 1102 4100; x_wconf 90' lang='lat'><strong>.</strong></span> <span class='ocrx_word' id='word_1_215' title='bbox 1126 4084 1142 4099; x_wconf 89' lang='lat'><strong><em>.</em></strong></span> <span class='ocrx_word' id='word_1_216' title='bbox 1167 4084 1182 4099; x_wconf 93' lang='lat'><strong>.</strong></span> <span class='ocrx_word' id='word_1_217' title='bbox 1220 4049 1508 4098; x_wconf 75' lang='lat' dir='ltr'>auctoritate</span> <span class='ocrx_word' id='word_1_218' title='bbox 1533 4049 1763 4114; x_wconf 46' lang='lat' dir='ltr'>suscepi]</span> <span class='ocrx_word' id='word_1_219' title='bbox 1810 4050 2048 4112; x_wconf 85' lang='lat' dir='ltr'>ignorans</span> <span class='ocrx_word' id='word_1_220' title='bbox 2092 4054 2144 4098; x_wconf 92' lang='lat' dir='ltr'>et</span> <span class='ocrx_word' id='word_1_221' title='bbox 2177 4054 2281 4098; x_wconf 85' lang='lat' dir='ltr'>tuae</span> <span class='ocrx_word' id='word_1_222' title='bbox 2324 4054 2615 4110; x_wconf 85' lang='lat' dir='ltr'>sanctaeque</span> <span class='ocrx_word' id='word_1_223' title='bbox 2660 4068 2746 4115; x_wconf 79' lang='lat' dir='ltr'>sy-</span> 
     </span>
     <span class='ocr_line' id='line_1_34' title="bbox 838 4120 2741 4183; baseline 0.003 -15"><span class='ocrx_word' id='word_1_224' title='bbox 838 4125 852 4146; x_wconf 76' lang='grc'><em>·</em></span> <span class='ocrx_word' id='word_1_225' title='bbox 871 4120 940 4168; x_wconf 88' lang='lat' dir='ltr'>Et</span> <span class='ocrx_word' id='word_1_226' title='bbox 972 4135 1106 4169; x_wconf 91' lang='lat' dir='ltr'>nunc</span> <span class='ocrx_word' id='word_1_227' title='bbox 1138 4121 1441 4182; x_wconf 84' lang='lat' dir='ltr'>pastoralem</span> <span class='ocrx_word' id='word_1_228' title='bbox 1475 4124 1530 4168; x_wconf 88' lang='lat' dir='ltr'>tu</span> <span class='ocrx_word' id='word_1_229' title='bbox 1570 4121 1763 4182; x_wconf 86' lang='lat' dir='ltr'>virgam</span> <span class='ocrx_word' id='word_1_230' title='bbox 1811 4121 1929 4169; x_wconf 92' lang='lat' dir='ltr'>nodi</span> <span class='ocrx_word' id='word_1_231' title='bbox 1968 4120 2229 4169; x_wconf 84' lang='lat' dir='ltr'>sententiae</span> <span class='ocrx_word' id='word_1_232' title='bbox 2254 4120 2441 4170; x_wconf 82' lang='lat' dir='ltr'>cedens</span> <span class='ocrx_word' id='word_1_233' title='bbox 2473 4121 2741 4183; x_wconf 84' lang='lat' dir='ltr'>resignabo</span> 
     </span>
     <span class='ocr_line' id='line_1_35' title="bbox 835 4189 2743 4255; baseline -0.002 -16"><span class='ocrx_word' id='word_1_234' title='bbox 835 4191 1022 4253; x_wconf 77' lang='lat' dir='ltr'>exigis,</span> <span class='ocrx_word' id='word_1_235' title='bbox 1049 4205 1203 4252; x_wconf 86' lang='lat' dir='ltr'>quam</span> <span class='ocrx_word' id='word_1_236' title='bbox 1227 4205 1328 4239; x_wconf 89' lang='lat' dir='ltr'>non</span> <span class='ocrx_word' id='word_1_237' title='bbox 1359 4189 1637 4251; x_wconf 84' lang='lat' dir='ltr'>tradidisti,</span> <span class='ocrx_word' id='word_1_238' title='bbox 1656 4191 1764 4239; x_wconf 90' lang='lat' dir='ltr'>offi·</span> <span class='ocrx_word' id='word_1_239' title='bbox 1808 4191 2066 4253; x_wconf 89' lang='lat' dir='ltr'>baculum,</span> <span class='ocrx_word' id='word_1_240' title='bbox 2088 4190 2180 4239; x_wconf 89' lang='lat' dir='ltr'>sed</span> <span class='ocrx_word' id='word_1_241' title='bbox 2199 4205 2300 4240; x_wconf 87' lang='lat' dir='ltr'>non</span> <span class='ocrx_word' id='word_1_242' title='bbox 2331 4191 2442 4252; x_wconf 85' lang='lat' dir='ltr'>tibi,</span> <span class='ocrx_word' id='word_1_243' title='bbox 2462 4191 2555 4240; x_wconf 88' lang='lat' dir='ltr'>sed</span> <span class='ocrx_word' id='word_1_244' title='bbox 2576 4193 2626 4240; x_wconf 90' lang='lat' dir='ltr'>ei</span> <span class='ocrx_word' id='word_1_245' title='bbox 2648 4209 2743 4255; x_wconf 87' lang='lat' dir='ltr'>po-</span> 
     </span>
     <span class='ocr_line' id='line_1_36' title="bbox 835 4261 2744 4324; baseline 0.003 -15"><span class='ocrx_word' id='word_1_246' title='bbox 835 4262 971 4313; x_wconf 89' lang='lat' dir='ltr'>cium</span> <span class='ocrx_word' id='word_1_247' title='bbox 987 4262 1170 4311; x_wconf 82' lang='lat' dir='ltr'>adimis</span> <span class='ocrx_word' id='word_1_248' title='bbox 1193 4261 1331 4322; x_wconf 87' lang='lat' dir='ltr'>quod</span> <span class='ocrx_word' id='word_1_249' title='bbox 1353 4276 1452 4310; x_wconf 90' lang='lat' dir='ltr'>non</span> <span class='ocrx_word' id='word_1_250' title='bbox 1474 4261 1760 4310; x_wconf 87' lang='lat' dir='ltr'>contulisti:</span> <span class='ocrx_word' id='word_1_251' title='bbox 1807 4263 1911 4310; x_wconf 83' lang='lat' dir='ltr'>tius</span> <span class='ocrx_word' id='word_1_252' title='bbox 1949 4263 2098 4324; x_wconf 86' lang='lat' dir='ltr'>cujus</span> <span class='ocrx_word' id='word_1_253' title='bbox 2135 4276 2251 4310; x_wconf 87' lang='lat' dir='ltr'>eum</span> <span class='ocrx_word' id='word_1_254' title='bbox 2294 4263 2593 4312; x_wconf 83' lang='lat' dir='ltr'>auctoritate</span> <span class='ocrx_word' id='word_1_255' title='bbox 2626 4278 2744 4316; x_wconf 85' lang='lat' dir='ltr'>sus-</span> 
     </span>
     <span class='ocr_line' id='line_1_37' title="bbox 831 4326 2606 4404; baseline 0.001 -22"><span class='ocrx_word' id='word_1_256' title='bbox 831 4336 885 4382; x_wconf 82' lang='lat' dir='ltr'>ct</span> <span class='ocrx_word' id='word_1_257' title='bbox 901 4346 996 4394; x_wconf 80' lang='lat' dir='ltr'>ego</span> <span class='ocrx_word' id='word_1_258' title='bbox 1011 4333 1214 4394; x_wconf 86' lang='lat' dir='ltr'>quidem</span> <span class='ocrx_word' id='word_1_259' title='bbox 1237 4331 1641 4383; x_wconf 80' lang='lat' dir='ltr'>insufficientiam</span> <span class='ocrx_word' id='word_1_260' title='bbox 1664 4347 1763 4380; x_wconf 86' lang='lat' dir='ltr'>non</span> <span class='ocrx_word' id='word_1_261' title='bbox 1782 4385 1788 4404; x_wconf 36' lang='grc' dir='ltr'><em>ι</em></span> <span class='ocrx_word' id='word_1_262' title='bbox 1806 4326 1953 4393; x_wconf 64' lang='lat' dir='ltr'>cepi:</span> <span class='ocrx_word' id='word_1_263' title='bbox 1988 4332 2118 4383; x_wconf 88' lang='lat' dir='ltr'>Dec.</span> <span class='ocrx_word' id='word_1_264' title='bbox 2142 4332 2349 4396; x_wconf 85' lang='lat' dir='ltr'>Scriptt.</span> <span class='ocrx_word' id='word_1_265' title='bbox 2370 4331 2467 4382; x_wconf 86' lang='lat' dir='ltr'>col.</span> <span class='ocrx_word' id='word_1_266' title='bbox 2490 4335 2606 4383; x_wconf 82' lang='grc'><strong>406.</strong></span> 
     </span>
    </p>
   </div>
   <div class='ocr_carea' id='block_1_7' title="bbox 3081 160 3085 785">
    <p class='ocr_par' dir='ltr' id='par_1_7' title="bbox 3081 160 3085 785">
     <span class='ocr_line' id='line_1_38' title="bbox 3081 160 3085 785; baseline 0 0"><span class='ocrx_word' id='word_1_267' title='bbox 3081 160 3085 785; x_wconf 95' lang='lat' dir='ltr'> </span> 
     </span>
    </p>
   </div>
   <div class='ocr_carea' id='block_1_8' title="bbox 3082 4435 3085 5022">
    <p class='ocr_par' dir='ltr' id='par_1_8' title="bbox 3082 4435 3085 5022">
     <span class='ocr_line' id='line_1_39' title="bbox 3082 4435 3085 5022; baseline 0 0"><span class='ocrx_word' id='word_1_268' title='bbox 3082 4435 3085 5022; x_wconf 95' lang='lat' dir='ltr'> </span> 
     </span>
    </p>
   </div>
  </div>
 </body>
</html>
