3108 5059
891 496 1168 545 nonas
1213 496 1751 546 msromARUM.
2139 479 2284 544 293-

365 651 589 716 solum
645 671 928 718 causam
989 654 1479 736 resignationis
1533 662 1679 719 ta'm
1740 654 1989 720 subitae
2044 662 2264 720 retor-

363 753 666 833 quentis.
769 752 952 817 Haec
995 755 1220 837 prima
1263 754 1396 818 fuit
1439 755 1695 836 regalis
1739 756 1949 820 animi
1996 763 2267 838 pertur-

363 852 552 916 batio
602 852 942 918 adversus
985 853 1354 931 Thomam,
1395 854 1957 938 archipraesulem
1997 855 2263 920 Cantu-

2294 669 2403 710 A.D.
2428 671 2541 710 1162.
2576 689 2585 696 ·

363 952 728 1017 ariensem.
830 953 1007 1018 Erat
1039 962 1272 1019 autem
1302 954 1611 1018 Thomas
1645 956 1779 1020 iste
1824 955 2263 1020 Londonien-
2288 966 2482 1008 Becket'·

361 1053 458 1115 sis
501 1053 694 1119 urbis
740 1045 1120 1136 ¹indigena,
1164 1073 1210 1118 a
1247 1055 1487 1137 primis
1531 1054 2019 1120 adolescentiae
2062 1057 2267 1120 annis

363 1153 596 1234 gratia
657 1153 1024 1237 multiplici
1093 1154 1516 1235 decoratus3
1589 1155 1681 1220 ab
1739 1155 2022 1220 ineunte
2078 1157 2267 1220 enim

363 1259 573 1317 aetate
634 1253 911 1318 beatam
960 1253 1098 1317 Dei
1155 1254 1585 1336 genitricem,
1637 1261 1971 1338 tanquam
2018 1255 2264 1320 ducem

363 1352 635 1416 viarum
674 1372 984 1432 suarum,
1034 1354 1306 1419 dulcius
1349 1355 1698 1433 invocare,
1742 1357 1817 1418 in
1862 1356 2056 1420 illam
2102 1364 2265 1439 post

363 1451 720 1517 Christum
754 1461 974 1518 totam
1003 1474 1197 1537 spem
1229 1467 1511 1537 ponere,
1553 1457 1955 1536 consuevit3
2012 1456 2263 1522 libera·

360 1552 529 1616 lium
569 1573 847 1636 quoque
882 1554 1400 1637 disciplinarum
1439 1554 1717 1619 scholas
1751 1557 2029 1620 tandem
2065 1573 2263 1638 egre·-

361 1653 558 1718 diens
605 1652 694 1716 ad
746 1647 1252 1732 Theobaldum',
1303 1654 1873 1720 Cantuariensem
1924 1656 2267 1740 archiepis

359 1772 674 1836 scopum,
704 1772 780 1818 se
813 1754 1131 1832 contulit,
1181 1761 1276 1832 et,
1320 1754 1667 1819 industria
1697 1764 2155 1838 promerente,
2186 1758 2261 1820 in

361 1853 559 1919 brevi
604 1853 856 1936 dignus
913 1854 1194 1920 habitus
1245 1861 1378 1932 est,
1434 1862 1515 1919 ut
1570 1854 1633 1918 ei
1683 1854 2260 1922 familiarissimus

356 1955 756 2019 haberetur.
861 1953 1057 2033 Quot
1106 1961 1338 2019 autem
1383 1962 1456 2020 et
1497 1962 1800 2037 quantos
1843 1955 1943 2019 ibi
1986 1955 2261 2020 labores

359 2075 483 2138 pro
533 2054 828 2119 ecclesia
871 2054 1010 2119 Dei
1056 2054 1444 2138 pertulerit,
1486 2055 1761 2137 quoties
1806 2075 1934 2138 pro
1977 2057 2258 2140 expedi·

355 2155 558 2219 endis
633 2154 932 2237 negotiis
999 2155 1476 2237 apostolorum
1547 2156 1789 2220 limina
1846 2155 2257 2236 visitaverit,

358 2275 570 2339 quam
635 2255 817 2320 felici
877 2255 1098 2333 exitu,
1161 2274 1319 2338 quae
1379 2254 1513 2318 sibi
1573 2255 1889 2340 injuncta
1956 2256 2259 2336 fuerant,

355 2355 768 2440 expedierit,
813 2374 950 2420 non
990 2362 1101 2420 est
1142 2354 1345 2419 facile
1394 2355 1609 2432 dictu,
1659 2357 2045 2438 praesertim
2100 2378 2257 2422 cum

353 2457 428 2521 in
461 2456 692 2521 causis
721 2455 1128 2540 perorandis
1175 2462 1249 2519 et
1287 2455 1683 2520 decidendis
1722 2475 1804 2520 ac
1838 2458 2111 2541 populis
2154 2459 2257 2522 in-

357 2556 708 2622 struendis
758 2565 911 2622 tota
961 2557 1114 2642 ejus
1155 2556 1454 2621 intentio
1497 2565 1911 2622 versaretur.
2018 2558 2255 2623 Primo

354 2658 568 2740 igitur
599 2677 646 2721 a
686 2657 981 2741 praefato
1020 2656 1537 2740 archiepiscopo
1580 2658 1654 2722 in
1699 2655 2257 2721 archidiaconum

359 2757 586 2822 Cantu
595 2759 933 2822 ariensem
987 2765 1369 2840 promotUS,
1421 2764 1585 2840 post
1632 2757 1883 2821 modici
1928 2759 2257 2840 temporis

353 2858 800 2925 intervallum
852 2857 1308 2921 cancellarius
1354 2856 1671 2934 efficitur,
1713 2857 1865 2942 ejus
1916 2858 2257 2923 industria

351 2967 824 3042 promerente3
871 2958 1267 3022 cancellarii
1301 2964 1534 3021 autem
1556 2958 1854 3040 fungens
1888 2956 2109 3023 officio
2132 2977 2257 3025 au·-

349 3060 624 3127 daciam
683 3059 1052 3124 milvorum
1103 3058 1453 3141 sapienter
1511 3056 1873 3140 depressit,
1928 3060 2049 3141 qui
2106 3061 2257 3141 regi

345 3160 720 3229 adulantes
778 3159 1073 3242 diripere
1135 3159 1705 3241 conspiraverant
1769 3166 1911 3222 tam
1980 3158 2255 3241 provin-

347 3260 632 3325 cialium
667 3279 875 3343 quam
912 3258 1222 3323 ecclesiae
1252 3257 1646 3323 facultates,
1722 3256 1903 3321 Haec
1930 3257 2015 3321 de
2050 3259 2254 3323 beato

353 3360 650 3439 Thoma,
682 3360 911 3444 qualis
941 3366 1103 3423 ante
1146 3358 1647 3441 promotionem
1690 3358 1765 3422 in
1802 3357 2257 3441 archiepisco-

353 3480 518 3543 pum
565 3459 943 3537 exstiterit,
990 3458 1529 3542 praelibavimus„
1583 3466 1926 3541 quatenus
1961 3477 2069 3537 ea,
2099 3478 2255 3541 quae

352 3560 440 3625 de
471 3561 626 3644 ipso
659 3567 1070 3643 sequuntur,
1097 3558 1341 3623 lectori
1374 3559 1629 3623 clarius
1657 3558 2079 3625 elucescant.

341 3702 454 3805 ..De
467 3734 668 3825 finali
700 3735 1029 3803 concordia
1060 3736 1258 3821 sacta
1293 3735 1456 3799 inter
1483 3732 1793 3799 ecclesiam
1828 3730 1991 3797 boati
2015 3728 2263 3797 Albam·

915 3844 973 3903 et
1001 3834 1311 3899 ecclesiam
1337 3832 1701 3899 Lincolniae.
2138 3823 2153 3847 ⁸

455 3964 618 4029 Hoc
675 3982 862 4027 anno
915 3962 1148 4045 sopita
1211 3968 1320 4025 est
1377 3958 1723 4023 discordia
1782 3964 1855 4021 et
1913 3955 2258 4022 amicabili

355 4065 490 4130 fine
541 4064 915 4129 terminata
967 4063 1150 4126 inter
1189 4060 1549 4125 ecclesiam
1594 4056 2147 4123 Lincolniensem
2187 4063 2260 4121 et

419 4238 764 4313 ¹1ndigm;]
817 4256 908 4292 son
941 4241 1000 4291 or
1027 4241 1229 4292 Gilbert
1259 4239 1361 4288 and
1401 4238 1644 4301 Matilda‚
1682 4238 1891 4287 citizens
1927 4210 2259 4297 ortonam,

355 4314 671 4378 Fitz-Steph.
695 4329 748 4376 p.
777 4317 856 4363 ιο.

2286 1019 2437 1070 origin.

2282 3925 2405 3965 Flnal
2420 3937 2516 3965 eon·

2281 3977 2380 4016 cord
2393 3978 2583 4016 between

2282 4026 2357 4066 the
2376 4027 2584 4067 churchen

2282 4078 2331 4116 of
2349 4078 2390 4117 S.
2411 4077 2549 4116 Alban

2282 4128 2367 4167 and
2378 4127 2567 4167 Linooln.
