3108 5059
531 654 642 695 Aa).
664 656 777 696 11⁰9.

526 1555 593 1595 Ex
676 1554 782 1595 ition

527 1606 576 1645 ot
652 1606 725 1647 be-

526 1657 673 1697 mend.

853 468 983 533 186
1366 483 1630 533 uocum
1677 484 1772 531 nr.
1819 482 2232 531 wssnoovnn

852 642 984 707 fuit
1016 642 1233 707 abbas
1268 640 1341 705 in
1380 639 1634 717 insula,
1665 648 1738 705 et
1767 639 2106 705 comitatu
2135 638 2220 703 de
2255 636 2751 716 cantabr-'egge

852 743 1179 826 episcopo
1210 741 1680 807 Lincolniensi
1725 741 2108 817 subtracto,
2139 738 2302 803 huic
2347 756 2530 802 novo
2575 753 2752 817 pon-

853 842 1023 907 tifici
1054 842 1209 924 lege
1240 841 1613 907 diocesana
1633 841 2000 925 subjicitur
2027 840 2424 905 comitatus,
2489 834 2756 899 Eodem

850 951 1161 1025 tempore
1212 943 1285 1006 in
1338 941 1672 1023 parochia
1733 940 2058 1022 Legiensi
2110 956 2324 1022 porea
2371 934 2758 1020 porcellum

850 1044 1061 1108 enixa
1120 1049 1228 1107 est
1288 1040 1533 1107 faciem
1589 1040 1886 1106 hominis
1937 1040 2330 1117 habentem,
2383 1045 2456 1102 et
2518 1034 2754 1120 pullus

852 1144 1133 1225 gallinae
1166 1142 1564 1226 quadrupes
1595 1148 1800 1205 natus
1833 1148 1966 1205 est.

1019 1316 1195 1395 Quod
1232 1314 1642 1381 Boamundus
1679 1322 1914 1381 terram
1945 1311 2164 1377 Alema·
2196 1310 2592 1397 imperatoris

1583 1414 2013 1501 depopulatur.

952 1533 1189 1605 Circa¹
1216 1540 1341 1605 hos
1372 1540 1669 1623 denique
1699 1539 1845 1603 dies
1876 1536 2350 1614 BoamundnS,
2373 1535 2756 1603 Antioche-

850 1658 1097 1705 norum
1132 1640 1479 1723 princeps,
1512 1659 1776 1707 memor
1803 1638 2212 1723 injuriarum
2242 1656 2418 1719 quas
2451 1635 2754 1701 Alexius

848 1741 1251 1823 imperator,
1298 1742 1407 1807 vir
1448 1740 1844 1805 maliciosus
1893 1746 1965 1804 et
2007 1757 2328 1820 nequam,
2368 1738 2755 1821 peregrinis

852 1839 1415 1924 Hierosolymam
1446 1840 1744 1905 transire
1775 1838 2172 1904 volentibus
2213 1839 2364 1903 sine
2399 1838 2751 1902 intermis-

852 1940 1045 2005 sione
1095 1941 1472 2023 irrogabat,
1526 1959 1958 2005 communem
2000 1936 2248 2003 volens‘
2285 1938 2527 2003 ulcisci
2575 1957 2750 2020 que-

852 2041 1239 2118 rimoniam,
1296 2042 1608 2125 equitum
1665 2041 1970 2123 quinque
2024 2039 2244 2103 millia
2305 2044 2378 2103 et
2437 2038 2750 2120 peditum

851 2140 1315 2223 quadraginta
1362 2140 1578 2207 millia
1605 2141 1911 2205 virorum
1945 2138 2231 2205 fortium
2269 2139 2752 2219 congregavit,
2802 2171 2805 2173 ·

850 2247 923 2304 et
974 2248 1225 2311 terram
1275 2241 1442 2307 dicti
1485 2241 1925 2325 imperatoris
1984 2238 2331 2304 hostiliter
2390 2239 2751 2319 ingressus

850 2340 1211 2406 universas
1262 2361 1463 2423 paene
1506 2341 1888 2407 maritimas
1939 2340 2146 2403 urbes
2182 2339 2256 2402 in
2292 2338 2750 2421 direptionem

849 2440 1063 2518 dedit,
1114 2460 1519 2525 omnemque
1575 2440 1866 2523 Epirum
1926 2438 2387 2522 depopulatus
2435 2445 2544 2504 est
2599 2446 2746 2502 tam

846 2542 1140 2624 primam
1174 2562 1385 2625 quam
1438 2542 1854 2621 secundam3
1901 2547 1970 2605 et
1999 2539 2279 2605 tandem
2312 2538 2746 2604 Durachium

846 2643 1196 2719 obsidens,
1238 2642 1433 2726 Epiri
1460 2643 1702 2726 primae
1735 2641 2196 2723 metropolim,
2225 2639 2580 2721 regionem
2613 2657 2744 2702 un-

846 2741 1055 2824 dique
1110 2743 1444 2808 incendiis
1504 2741 1938 2825 consumpsit
2012 2746 2084 2804 et
2147 2739 2432 2822 rapinis·
2532 2735 2744 2818 Quod

848 2841 1137 2906 audiens
1202 2843 1580 2924 imperator
1622 2862 1780 2909 cum
1839 2841 2106 2922 ingenti
2151 2839 2400 2904 militia
2463 2840 2536 2904 in
2581 2859 2744 2904 suc-

848 2960 1123 3012 cursum
1168 2943 1405 3022 venit3
1453 2943 1602 3020 sed,
1645 2941 2266 3006 intervenientibus
2311 2939 2575 3016 amiciS,
2613 2941 2746 3004 im·-

848 3048 1129 3123 perator
1158 3041 1387 3107 foedus
1420 3043 1576 3108 iniit
1609 3062 1768 3108 cum
1800 3061 1908 3117 eo,
1936 3039 2363 3123 interpositis
2387 3041 2746 3123 juramen-

850 3141 967 3219 tis,
993 3141 1179 3224 quod
1202 3142 1389 3206 ultra
1410 3142 1673 3210 Christi
1704 3141 2021 3207 fidelibus
2049 3141 2122 3204 in
2151 3139 2483 3204 orientem
2507 3146 2741 3204 trans-

849 3242 951 3306 ire
1015 3243 1407 3309 volentibus
1490 3243 1642 3308 sine
1724 3242 1966 3306 fraude
2031 3239 2393 3305 consilium
2457 3239 2546 3302 ad
2607 3240 2745 3304 iter

848 3342 1315 3424 peragendum
1350 3349 1423 3408 et
1466 3343 1802 3408 auxilium
1847 3341 2298 3417 ministraret,
2331 3346 2427 3416 et,
2471 3340 2572 3404 sic
2608 3339 2744 3404 foe-

848 3441 1010 3506 dere
1066 3443 1497 3519 confirmato,
1546 3442 1728 3507 idem
1787 3439 2238 3506 Boamundus
2293 3441 2364 3506 in
2408 3439 2744 3522 Apuliam

846 3541 1227 3619 descendit,
1286 3542 1740 3608 familiaribus
1799 3541 2098 3622 negotiis
2161 3546 2511 3605 evocatus.
2619 3540 2746 3604 Se-

845 3649 1305 3726 quente-vero
1351 3649 1597 3706 aestate
1641 3641 1805 3704 dum
1837 3638 2282 3705 Antiochiam
2327 3639 2550 3703 redire
2593 3640 2741 3704 dis·-

843 3751 1153 3825 poneret,
1184 3742 1401 3825 copiis
1446 3741 1858 3805 militaribus
1897 3740 2202 3822 undique
2248 3739 2580 3816 collectiS‚
2614 3759 2742 3804 va-

842 3843 985 3905 lida
1035 3842 1447 3924 aegritudine
1500 3849 1858 3924 correptus
1899 3840 1974 3904 in
2008 3840 2158 3904 fata
2197 3841 2581 3931 concessit3
2627 3861 2740 3905 re-

840 3941 1007 4005 licto
1044 3943 1211 4020 filio,
1242 3943 1521 4006 nomine
1552 3941 1989 4018 Boamundo,
2024 3961 2229 4024 quem
2263 3960 2354 4004 ex
2389 3939 2741 4004 Constan-

912 4139 929 4171 ¹
956 4141 1103 4191 Circa
1120 4122 1203 4192 laos
1223 4178 1236 4192 .
1262 4177 1275 4192 .
1303 4178 1316 4192 .
1340 4143 1490 4206 dica]
1510 4143 1760 4205 Compare
1779 4144 1789 4251 ἱ
1815 4155 1952 4203 upon
1972 4140 2058 4189 the
2096 4139 2185 4188 oth
2207 4139 2266 4188 of
2282 4139 2522 4200 October,
2543 4154 2598 4201 p.
2620 4143 2740 4201 ⁷98,

838 4212 1063 4262 william
1095 4213 1154 4262 of
1182 4214 1337 4275 Tyre,
1356 4213 1473 4261 who
1508 4229 1629 4274 says
1655 4213 1765 4262 that
1786 4254 1790 4260 .
1815 4213 1939 4262 with
1963 4211 2186 4267 Gibbon,
2211 4211 2310 4260 vol.
2332 4209 2405 4260 xi.
2429 4224 2482 4270 p.
2505 4213 2591 4260 99.

836 4283 921 4332 the
963 4283 1255 4343 expedition
1289 4297 1397 4332 was
1444 4283 1762 4333 commenced
