3108 5059
802 515 1081 566 rhenus
1127 517 1674 567 ms'ronmnuu.
2064 502 2195 567 107

273 685 354 743 ut
398 677 676 743 civibus
707 677 1166 744 Antiochenis
1199 678 1587 744 subsidium
1626 676 1875 744 serant.
1980 677 2197 744 Vide·
2220 700 2332 740 A».
2352 701 2467 741 mos.

277 786 394 843 tur
421 779 625 856 mihi,
659 777 847 862 quod
877 779 964 842 ad
995 777 1126 842 hoc
1155 778 1437 844 deberet
1469 779 1695 844 omnis
1725 786 1967 844 nostra
2000 779 2194 845 festi·
2220 752 2518 844 {ima

277 899 448 943 nare
475 879 807 958 intentio,
835 883 917 944 iit
949 887 1113 943 ante
1143 879 1354 964 hujus
1385 879 1765 945 adventum
1810 880 2196 945 multitudi-

278 981 389 1044 nis
437 981 694 1045 civitas
740 981 816 1044 in
877 987 1191 1044 nostram
1249 980 1708 1046 descenderet
1750 988 2196 1064 potestatem.

283 1079 498 1160 Quod
534 1082 597 1145 si
632 1080 913 1146 modum
959 1081 1298 1163 quaeritiS‚
1343 1100 1482 1164 quo
1521 1081 1596 1145 id
1646 1080 1919 1146 effectui
1965 1081 2201 1147 valeat

281 1181 702 1265 mancipari,
745 1182 820 1246 in
863 1187 1194 1265 promptu
1237 1187 1348 1246 est
1389 1182 1593 1247 nobis
1622 1180 1765 1259 via,
1807 1201 1951 1265 qua
1994 1181 2199 1246 facile

285 1282 377 1346 ad
423 1281 634 1347 finem
679 1282 1166 1366 perveniamus
1211 1288 1524 1366 optatum
1558 1301 1577 1362 ;
1640 1281 1865 1347 habeo
1908 1283 2090 1346 enim
2128 1282 2201 1345 in

283 1383 576 1449 civitate
607 1383 904 1448 amicum
944 1381 1242 1461 fidelem,
1276 1383 1396 1466 qui
1430 1383 1674 1448 turrim
1718 1381 1930 1463 habet
1960 1382 2033 1446 in
2072 1398 2203 1446 sua

281 1490 644 1567 potestate
683 1482 1176 1561 firmissimam,
1219 1501 1431 1567 qnam
1475 1483 1688 1548 certis
1729 1482 2202 1566 promissioni-

285 1586 449 1663 buS,
481 1584 548 1648 si
591 1584 786 1648 illam
815 1581 925 1648 ‘ab
955 1603 1041 1649 eo
1081 1603 1408 1666 exegero,
1443 1583 1581 1648 fide
1614 1584 1963 1649 mediante
1990 1584 2203 1666 resig-

287 1705 462 1749 nare
502 1691 807 1749 tenetur.
911 1683 986 1748 Si
1031 1703 1200 1767 ergo
1233 1685 1432 1749 vobis
1474 1683 1546 1747 id
1590 1684 1762 1749 utile
1790 1685 2087 1762 videtur,
2126 1691 2207 1749 ut

289 1786 548 1851 civitas
581 1804 738 1849 mea
767 1784 1237 1849 sollicitudine
1267 1785 1646 1870 subjugata
1674 1785 1747 1850 in
1781 1803 2006 1850 meam
2049 1804 2204 1868 per-

287 1885 677 1971 petualiter
721 1892 792 1950 et
839 1903 1318 1950 successorum
1362 1905 1671 1951 meorum
1720 1891 2033 1951 transeat
2080 1903 2207 1968 po-

293 1993 659 2064 testatem,
693 1993 986 2070 paratus
1027 2006 1185 2051 sum
1228 1993 1439 2071 pacta
1481 1986 1872 2070 complere3
1932 1985 2041 2048 sin
2088 2003 2211 2049 au-

293 2096 440 2153 tem
499 2086 816 2151 elaboret
862 2095 1188 2152 vestrum·
1225 2086 1480 2170 aliquis
1531 2087 1621 2153 ad
1678 2087 1905 2171 ipsum
1958 2085 2211 2163 facere,

292 2209 431 2271 ego
473 2187 585 2252 illi
633 2206 856 2252 meam
905 2187 1210 2254 concedo
1260 2195 1531 2271 partem
1585 2194 1658 2253 et
1701 2187 2026 2252 renuntio
2064 2184 2210 2271 juri

293 2288 508 2354 meo?

539 2415 640 2479 De
669 2414 952 2500 captione
975 2411 1318 2478 Antioohiae
1345 2420 1402 2478 et
1428 2411 1645 2498 spoliis
1668 2413 1965 2480 civitatis.

399 2532 545 2597 His
605 2532 708 2597 ita
762 2532 993 2611 dictis,
1049 2531 1276 2615 gavisi
1339 2538 1506 2596 sunt
1551 2532 1903 2616 principes
1952 2533 2209 2617 gaudio
2234 2560 2401 2611 ταῶς
2417 2560 2463 2601 οε

298 2654 587 2717 magno,
606 2640 678 2699 et
705 2632 1026 2717 petitioni
1049 2632 1254 2697 factae
1283 2652 1545 2710 omneS,
1574 2626 1862 2716 ¹praeter
1889 2634 2211 2701 comitem
2236 2613 2431 2653 ‘mum‘

298 2734 810 2812 Tholosanum,
861 2739 1064 2816 grato
1121 2740 1611 2798 concurrentes
1666 2753 1979 2813 assensu,
2032 2734 2213 2813 datis

300 2834 602 2914 dextris,
645 2834 1286 2918 compromiserunt,
1331 2832 1516 2917 quod
1553 2834 1685 2898 sibi
1716 2834 2054 2899 creditum
2099 2858 2213 2903 ne·-

301 2936 475 3001 mini
539 2934 932 3001 revelarent
987 2940 1373 3014 arcanum:
1436 2932 1923 2999 Boamundum
1983 2944 2215 3003 autem

303 3036 650 3103 attentius
699 3042 1006 3114 monent,
1037 3042 1380 3120 quatenus
1421 3032 1510 3099 'ad
1543 3036 1644 3100 rei
1677 3040 2216 3103 consummatio-

304 3158 466 3202 nem
511 3136 778 3201 viribus
828 3136 994 3200 totis
1047 3130 1389 3201 intendat.
1494 3134 1741 3201 Soluto
1790 3136 2005 3221 igitur
2049 3158 2215 3204 con-

303 3245 553 3315 ventu,
611 3234 1088 3314 BoamunduS,
1148 3235 1583 3320 propositum
1646 3257 1924 3320 urgens,
1991 3239 2215 3304 amico

304 3338 760 3423 significavit,
795 3336 979 3421 quod
1013 3334 1199 3421 apud
1228 3336 1575 3419 principes
1605 3358 1731 3421 pro
1765 3345 1931 3403 voto
1965 3346 2216 3404 cuncta

304 3440 831 3524 impetraverat,
865 3436 1047 3501 unde
1090 3457 1215 3521 per
1247 3436 1450 3501 fidem
1497 3439 1796 3503 amicum
1838 3438 2093 3505 invitat
2137 3448 2217 3505 ut

309 3548 518 3606 nocte
554 3538 875 3622 proxima
917 3546 1250 3621 sequente
1294 3557 1405 3602 res
1441 3536 1716 3603 effectui
1761 3541 2214 3624 mancipetur.

313 3640 604 3725 Emyfer
633 3660 674 3703 e
701 3639 1047 3703 contrario
1067 3636 1477 3703 Boamundo
1506 3639 1901 3719 denuntiat,
1925 3647 2004 3704 ut
2035 3642 2218 3706 circa

312 3741 556 3807 horam
607 3758 862 3804 nonam
905 3740 1252 3823 principes
1282 3728 1518 3804 omnes
1553 3740 2025 3823 egrediantur,
2060 3748 2217 3805 tan-

316 3862 527 3927 quam
580 3840 898 3905 hostibus
942 3840 1220 3904 obviam
1264 3839 1642 3922 profecturi
1691 3839 1777 3905 de
1824 3841 2097 3921 castriS,
2150 3850 2222 3907 et

314 3944 502 4008 circa
554 3940 853 4027 primam
905 3940 1130 4005 noctis
1171 3940 1486 4023 vigiliam
1539 3942 1614 4013 in
1667 3940 1942 4008 silentio
1992 3964 2222 4008 rever-

317 4050 545 4109 tentes
588 4041 819 4125 parati
867 4041 1007 4105 sint
1052 4039 1223 4106 hora
1269 4041 1493 4106 noctis
1544 4042 1772 4107 media
1817 4042 2031 4128 juxta
2068 4045 2224 4131 ejus

321 4146 592 4210 monita
624 4163 700 4207 se
735 4142 1014 4207 habere.
1100 4140 1306 4220 Quod
1334 4162 1491 4206 cum
1519 4143 1622 4207 ita
1653 4143 1914 4207 sactum
1950 4134 2220 4222 fuisset,

392 4296 619 4347 ¹Proeter
633 4296 858 4345 comitem
884 4296 1219 4345 Thale-sanum.
1235 4296 1260 4359 ]

323 4369 530 4419 Baldric
581 4368 686 4418 and
731 4366 1046 4415 Tudebodus
1105 4372 1267 4417 essert

1315 4296 1425 4345 that
1456 4297 1540 4346 the
1563 4299 1873 4359 proposition
1892 4315 2002 4350 was
2022 4300 2228 4350 refused

1316 4366 1384 4429 by
1408 4368 1508 4430 0113
1540 4384 1629 4430 pp.
1650 4372 1764 4433 109,
1786 4372 1900 4420 ⁷92.
