3108 5059
859 502 904 564 4
1369 516 1641 564 nocem
1690 514 1783 562 ΒΕ
1832 514 2245 563 wnnnovssn

534 691 783 733 A-n.1o⁶⁷.
861 673 1200 739 vomicam
1233 673 1611 739 irritantes.
1715 674 2192 741 Veruntamen
2236 671 2387 736 haec
2412 671 2597 735 mala
2624 689 2767 734 non

863 773 950 837 de
998 775 1315 837 omnibus
1369 775 1559 839 dicta
1608 774 1984 856 intelligaS,
2031 794 2189 838 cum
2239 772 2496 836 multos
2542 770 2765 835 omnis

864 873 1281 938 conditionis
1318 875 1630 938 homines
1666 882 1737 937 et
1768 874 2130 955 dignitatis
2176 874 2249 936 in
2280 872 2521 937 eadem
2557 876 2767 952 gente

862 979 1135 1037 constet
1164 973 1467 1038 Domino
1502 974 1871 1056 placuisse.

962 1146 1242 1225 Qualiter
1272 1169 1379 1211 rex
1423 1146 1770 1212 Willelmus
1802 1148 2117 1213 Eoeoniam
2150 1144 2379 1209 obsedit
2408 1152 2465 1209 et
2493 1142 2672 1227 cepit.

537 1286 725 1377 ἓξὲξ
965 1271 1227 1335 Eodem
1289 1280 1601 1353 tempore
1667 1291 1793 1335 rex
1841 1271 2237 1335 Willelmus
2284 1264 2560 1332 ¹urbem
2625 1265 2771 1329 Ex-

698 1364 710 1375 ’
864 1370 1094 1434 oniam
1145 1371 1278 1434 sibi
1321 1372 1644 1436 rebellem
1700 1372 2059 1435 obsidione
2100 1370 2413 1445 vallavit,
2459 1367 2578 1430 ubi
2612 1366 2769 1447 qui-.-

862 1471 1023 1534 dam
1055 1478 1248 1533 stans
1275 1471 1538 1534 nudato
1567 1471 1849 1552 inguine
1896 1471 2129 1534 sonitu
2173 1469 2393 1552 partis
2422 1465 2766 1530 inferioris

863 1589 1070 1633 auras
1103 1571 1436 1647 turbavit,
1469 1571 1541 1634 in
1565 1578 2035 1653 contemptum
2070 1569 2390 1633 videlicet
2420 1567 2771 1631 Norman-

862 1689 1148 1749 norum3
1211 1670 1393 1734 unde
1449 1669 1845 1734 Willelmus
1899 1670 1973 1732 in
2016 1670 2191 1732 iram
2235 1684 2609 1733 conversus
2666 1664 2764 1727 ci·

861 1770 1151 1833 vitatem
1194 1769 1332 1833 levi
1371 1770 1655 1850 negotio
1700 1770 2143 1852 subjugavit3
2192 1767 2437 1831 deinde
2464 1760 2763 1828 ²Ebora·

864 1887 1021 1931 cum
1071 1876 1339 1951 petenS,
1385 1888 1539 1931 eam
1589 1870 1866 1950 penitus
1921 1867 2200 1944 delevit,
2246 1868 2513 1931 civibus
2564 1864 2763 1927 flam-

863 1986 978 2031 ma
1024 1968 1344 2050 ferroque
1393 1964 1678 2032 necatis,
1786 1968 1927 2046 Qui
1977 1974 2211 2030 autem
2255 1968 2344 2031 ab
2389 1966 2519 2028 hac
2566 1962 2765 2027 clade

863 2066 1155 2131 evadere
1184 2074 1584 2149 potuerunt,
1618 2067 1707 2129 ad
1742 2086 1975 2148 regem
2008 2066 2457 2130 Malcolmum
2487 2066 2558 2127 in
2592 2062 2763 2127 Sco-

860 2166 1032 2229 tiam
1053 2166 1537 2248 confugerunt,
1568 2162 1689 2248 qui
1733 2185 1971 2230 omnes
1999 2164 2385 2247 Anglorum
2430 2163 2763 2247 profugas

862 2266 1156 2330 libenter
1212 2267 1612 2348 recipiebat,
1670 2273 1743 2329 et
1790 2266 2085 2347 singulis
2140 2271 2629 2339 tutamentum,
2688 2262 2763 2324 in

861 2373 1202 2446 quantum
1256 2371 1556 2447 poterat,
1610 2366 2073 2449 impendebat,
2123 2370 2406 2447 propter
2456 2381 2763 2427 sororem

861 2464 1168 2548 Eadgari
1213 2465 1717 2548 Margaretam,
1762 2484 1971 2548 quam
2026 2465 2157 2528 sibi
2209 2464 2469 2527 fecerat
2520 2462 2762 2546 conju·

861 2566 1127 2646 galem3
1175 2566 1376 2649 cujus
1409 2585 1623 2631 causa
1669 2566 2129 2630 conterminas
2157 2563 2437 2646 Angliae
2480 2563 2762 2645 provin-

860 2665 1003 2729 cias
1035 2666 1298 2748 rapinis
1344 2672 1415 2729 et
1440 2666 1777 2730 incendiis
1819 2666 2211 2729 infestabat.
2319 2664 2764 2745 Quapropter

861 2784 988 2827 rex
1018 2764 1439 2842 WillelmuS,
1468 2773 1713 2830 coacta
1739 2766 2036 2828 militum
2069 2771 2141 2828 et
2169 2764 2478 2846 peditum
2526 2762 2762 2826 multi-

861 2864 1100 2927 tudine
1162 2865 1468 2946 copiosa,
1519 2864 1949 2947 aquilonales
2004 2863 2286 2944 Angliae
2343 2870 2579 2946 partes
2640 2881 2763 2944 pe-

861 2970 1042 3040 tens,
1068 2964 1285 3028 totius
1320 2965 1625 3045 regionis
1652 2966 1883 3040 urbeS,
1912 2965 2126 3040 vicOS,
2163 2983 2369 3044 agros
2404 2968 2475 3026 et
2506 2962 2763 3044 oppida

860 3065 1124 3127 conteri
1175 3069 1246 3127 et
1279 3063 1512 3145 fruges
1544 3059 1569 3094 ³
1570 3064 1600 3147 j
1610 3065 1775 3128 ubet
1806 3065 1967 3144 igne
2012 3064 2366 3141 consumi3
2414 3062 2763 3126 maritima

860 3164 1186 3239 maxime,
1233 3182 1390 3226 cum
1441 3170 1727 3246 propter
1771 3171 2116 3228 recentem
2166 3162 2367 3238 iram,
2400 3164 2549 3224 'tum
2595 3162 2761 3243 quia

862 3261 1251 3327 Cnutonem
1288 3262 1651 3326 Danorum
1698 3282 1932 3344 regem
1967 3263 2344 3326 adventare
2377 3279 2613 3324 rumor
2646 3280 2760 3324 as-

860 3363 1157 3438 serebat,
1201 3368 1284 3425 ut
1333 3362 1504 3424 nihil
1562 3363 1748 3425 circa
1797 3362 2007 3424 maris
2070 3361 2485 3444 crepidinem
2521 3360 2761 3424 vitalis

858 3460 1145 3523 subsidii
1196 3461 1432 3542 praedo
1489 3460 1825 3542 piraticus
1876 3461 2238 3525 inveniret.
2344 3460 2763 3524 Malcolmus

857 3578 1134 3642 quoque
1181 3579 1310 3623 rex
1341 3560 1428 3624 ad
1473 3579 1721 3623 manus
1751 3559 2035 3624 veniens
2067 3560 2484 3623 deditionem
2528 3560 2760 3623 cessit.

861 3817 868 3822 ”
930 3815 948 3846 ¹
993 3816 1172 3864 Urbem
1239 3811 1546 3874 Emanium]
1623 3814 1785 3875 Many
1833 3813 2023 3876 lowing
2067 3829 2207 3875 year,
2253 3814 2525 3876 according
2564 3818 2631 3862 .to
2676 3816 2761 3865 the

859 3884 1010 3934 MSS.
1027 3886 1158 3934 have
1174 3886 1189 3912 ‘
1208 3885 1496 3947 Oxoniam,’
1516 3899 1550 3933 a
1572 3884 1784 3947 reading
1832 3884 2001 3933 Saxon
2025 3884 2291 3933 Chronicle
2313 3884 2415 3933 and
2436 3884 2695 3936 Florence.

854 3954 1026 4004 which
1068 3969 1247 4017 agrees
1283 3955 1408 4004 with
1447 3971 1480 4004 a
1517 3959 1785 4003 statement
1902 3951 1925 3986 ⁸
1944 3953 2098 4004 subet
2110 3954 2225 4016 igne
2239 3954 2495 4017 commi]
2517 3954 2624 4002 The
2639 3955 2763 4004 land

855 4025 909 4072 in
931 4024 1226 4086 Domesday
1249 4024 1417 4086 Book,
1447 4025 1559 4073 that
1593 4029 1647 4073 at
1680 4025 1782 4073 this
1832 4024 2001 4073 which
2035 4024 2138 4073 had
2193 4022 2442 4085 belonged
2476 4027 2528 4071 to
2574 4024 2762 4074 Edwin

852 4093 974 4143 time
1014 4094 1213 4144 Oxford
1233 4107 1344 4142 was
1378 4094 1530 4143 much
1568 4094 1781 4154 spoiled.
1832 4094 1933 4143 and
1980 4095 2185 4144 Morcar
2238 4095 2291 4143 in
2344 4092 2430 4142 the
2466 4093 2761 4157 Domesday

852 4165 1046 4214 Introd.
1070 4169 1122 4214 to
1145 4163 1457 4226 Domesday,
1478 4179 1531 4225 p.
1559 4167 1671 4212 194.
1832 4165 2028 4224 snrvey
2076 4164 2121 4214 is
2189 4164 2371 4212 almost
2438 4164 2761 4225 every-where

1832 4233 2098 4283 described
2164 4247 2222 4281 as
2293 4233 2309 4262 ‘
2350 4238 2529 4283 wasta.
2546 4229 2561 4250 '
2664 4234 2761 4285 See

922 4300 946 4332 ²
967 4303 1236 4353 Eboracum
1254 4308 1423 4367 petens
1439 4298 1487 4371 ς]
1512 4305 1567 4352 in
1588 4302 1671 4350 the
1688 4302 1781 4352 fol·
1834 4303 2073 4354 Malmsb.
2098 4318 2149 4365 p.
2175 4306 2291 4365 423,
2311 4307 2421 4352 note
2440 4301 2476 4352 ².
