3108 5059
843 484 1122 535 nones
1169 485 1711 536 ms‘ronuauu.
2157 470 2246 535 59

332 646 681 711 mabiliter
698 646 917 724 fusas,
937 666 1148 729 super
1165 647 1318 731 ejus
1336 646 1610 731 injuriis
1629 653 1701 711 et
1721 645 2245 729 [inJeffabilibus
2269 660 2571 762 age-1133?-

330 747 789 811 detrimentis.
894 746 1070 811 Post
1102 748 1376 829 lapsum
1410 747 1841 828 angelorum,
1874 766 2031 811 cum
2062 748 2244 813 idem
2269 774 2453 805 nemon.

335 848 534 911 Deus
561 848 890 913 mundum
917 853 1246 925 creasset,
1275 848 1349 912 in
1383 848 1605 911 tribus
1626 847 1776 931 jam
1810 849 2149 931 partibuS‚
2172 849 2245 913 id

335 952 468 1025 est,
512 947 784 1026 Asiam,
829 946 1139 1013 Africam
1185 954 1258 1011 et
1302 948 1653 1033 Europam
1701 948 2126 1026 distinctum,
2174 957 2246 1014 et

335 1048 651 1113 homines
681 1048 769 1113 ad
805 1048 1314 1131 reparationem
1348 1049 1757 1113 damnorum
1796 1050 2243 1132 supercaeles·

338 1149 514 1212 tium
557 1150 632 1212 in
666 1150 768 1214 eis
813 1150 1309 1228 constituisset,
1347 1156 1426 1212 ut
1467 1150 1601 1212 sibi
1634 1148 2051 1214 famulantes
2103 1149 2247 1214 dic-

338 1256 449 1313 tas
505 1249 746 1313 mundi
793 1258 1028 1334 partes
1071 1268 1225 1313 cum
1273 1250 1611 1314 creaturis
1668 1250 2035 1328 universis,
2083 1250 2247 1315 dum

339 1350 679 1429 viverent,
735 1350 1188 1434 possiderent,
1241 1357 1315 1414 et
1371 1357 1530 1432 post
1588 1360 1879 1415 mortem
1940 1351 2248 1415 caelestia

339 1452 490 1514 sine
524 1450 660 1513 fine
706 1452 1063 1533 regnaturi
1113 1450 1678 1527 conscenderent,
1722 1451 1795 1513 in
1837 1452 2032 1516 brevi
2074 1460 2247 1516 tem-

338 1552 528 1634 poris
563 1551 859 1615 decursu
890 1570 1090 1616 omne
1133 1568 1354 1633 genus
1395 1550 1772 1614 humanum
1808 1570 1851 1615 a
1881 1553 2247 1636 praeceptis

341 1652 593 1716 divinis
622 1672 746 1735 per
777 1652 1311 1717 inobedientiam
1346 1659 1417 1715 et
1447 1651 1856 1716 delictorum
1889 1653 2247 1716 abundan-

339 1752 511 1815 tiam
557 1772 602 1816 a
642 1752 799 1817 Deo
845 1752 1160 1829 descivit,
1207 1760 1288 1816 ut
1324 1753 1506 1817 inter
1554 1750 1865 1816 homines
1900 1753 2021 1817 vix
2066 1760 2250 1817 esset

339 1853 668 1917 inventus
732 1854 852 1937 qui
908 1852 1167 1917 faceret
1231 1854 1516 1931 bonum,
1560 1870 1687 1915 nec
1736 1853 1985 1917 saltem
2031 1871 2249 1935 usque

344 1953 432 2017 ad
478 1972 720 2016 unum.
826 1952 1007 2019 Ecce
1068 1954 1250 2017 enim
1307 1953 1549 2016 mundi
1604 1951 1903 2017 latitudo
1956 1953 2251 2036 paganis

342 2053 737 2117 infidelibus
789 2053 1165 2119 Dominum
1221 2052 1863 2136 blasphemantibus
1926 2062 1997 2117 et
2058 2054 2253 2135 ligna

342 2153 752 2237 lapidesque
786 2154 1172 2218 colentibus
1205 2154 1415 2238 plena
1449 2159 1696 2230 scatet,
1736 2154 1838 2217 ita
1868 2153 2142 2236 quidem
2175 2161 2253 2218 ut

334 2254 482 2338 jam
518 2255 590 2317 in
621 2254 954 2337 pudorem
984 2273 1388 2337 pancorum,
1421 2254 1544 2336 qui
1588 2253 1813 2318 adhuc
1856 2261 2252 2337 supersunt,

344 2354 926 2433 Christianorum,
989 2354 1263 2440 Syriam
1321 2351 1884 2436 Armeniamque,
1946 2373 2029 2418 ac
2090 2374 2253 2438 pos·

344 2463 564 2519 tremo
599 2452 844 2519 Asiam
879 2454 1247 2534 Minorem,
1283 2454 1483 2540 cujus
1517 2454 1894 2538 provinciae
1932 2461 2095 2519 sunt
2132 2455 2253 2519 Bi·

348 2556 597 2635 thinia,
619 2555 956 2640 Phrygia,
976 2555 1286 2634 Galatia,
1307 2556 1554 2639 Lydia,
1580 2555 1813 2631 Caria,
1833 2555 2253 2639 Pamphilia‚

345 2657 684 2735 Ysauria,
732 2657 950 2740 Lycia
1000 2665 1072 2722 et
1113 2655 1383 2734 Cilicia,
1429 2663 1881 2739 occuparunt.
1988 2655 2105 2719 Illi
2146 2656 2251 2720 in·—

343 2777 559 2840 super
589 2758 881 2822 alteram
917 2755 1187 2835 Asiam,
1219 2758 1290 2822 id
1321 2765 1452 2835 est,
1491 2757 1768 2821 tertiam
1811 2757 2047 2820 mundi
2093 2777 2253 2840 par-

346 2866 513 2935 tem,
551 2859 754 2941 quasi
793 2858 1031 2922 nidum
1069 2857 1464 2922 inhabitant
1501 2857 2037 2935 haereditarium,
2070 2877 2252 2941 quae,

345 2979 390 3023 a
420 2958 806 3043 majoribus
851 2959 1131 3036 nostriS,
1165 2958 1435 3022 duabus
1466 2958 1757 3022 residuis
1804 2976 2009 3040 aequa
2034 2959 2251 3041 parti-

345 3061 501 3136 buS,
521 3065 592 3124 et
610 3065 958 3123 tractuum
975 3059 1409 3142 longitudine
1431 3066 1502 3122 et
1519 3058 2032 3141 provinciarum
2056 3078 2253 3140 mag-

350 3159 693 3237 nitudine,
724 3166 960 3224 exstat
994 3179 1132 3224 non
1164 3160 1504 3224 immerito
1533 3159 1904 3235 aestimata,
1936 3159 2053 3222 ubi
2087 3159 2252 3222 olim

347 3258 654 3344 apostoli
679 3279 942 3338 omneS,
969 3267 1224 3343 praeter
1245 3260 1445 3336 duoS,
1470 3265 1731 3324 mortes
1756 3278 1921 3322 suas
1953 3258 2254 3324 Domino

346 3367 886 3440 consecrarunt3
933 3361 1030 3424 ibi
1073 3361 1277 3424 modo
1314 3359 1719 3438 Christiani,
1755 3360 1815 3422 si
1848 3360 1969 3441 qui
2013 3378 2253 3443 super-

347 3468 540 3534 sunt,
582 3459 902 3526 nefandis
943 3461 1083 3525 illis
1130 3460 1433 3542 vectigal
1481 3461 1785 3524 solvunt.
1890 3459 2031 3538 Illi,
2082 3460 2255 3544 proh

345 3561 551 3626 dolor
577 3563 594 3626 !
648 3558 984 3638 Africam,
1014 3561 1305 3626 alteram
1335 3561 1522 3625 orbis
1567 3568 1859 3643 partem,
1895 3553 2255 3624 ¹trecentis

340 3661 490 3746 jam
541 3661 746 3725 annis
795 3669 866 3726 et
907 3649 992 3726 eo
1037 3661 1335 3744 amplius
1387 3662 1597 3724 armis
1644 3679 2036 3744 possessam
2079 3660 2254 3724 deti-

351 3770 547 3839 nent,
575 3781 735 3844 quae
763 3760 1025 3825 dudum
1051 3769 1238 3826 terra
1261 3761 1750 3844 praeclarorum
1786 3761 2024 3825 nutrix
2063 3761 2259 3843 inge-

351 3864 653 3939 niorum,
683 3881 842 3944 quae
872 3863 948 3926 in
975 3862 1196 3926 literis
1221 3861 1474 3926 divinis
1519 3881 1787 3925 omnem
1822 3881 1865 3924 a
1894 3879 1970 3924 se
2015 3861 2257 3926 infide-

351 3963 575 4027 litatis
628 3981 929 4026 errorem
981 3962 1292 4040 detersit,
1343 3969 1420 4026 ut
1483 3969 1759 4026 constat
1814 3962 2084 4028 cunctis
2138 3963 2259 4047 qui

351 4063 594 4127 literas
663 4071 919 4126 norunt
967 4063 1283 4129 Latinas.
1372 4061 1689 4125 Tertium
1756 4063 1989 4126 mundi
2054 4063 2259 4126 clima

838 4310 850 4340 ¹
879 4308 1170 4382 Trecentis]
1207 4314 1223 4341 ‘
1238 4308 1520 4376 Ducentis:
1547 4312 1787 4362 Malmsb.
