3108 5059
467 637 580 677 AJ).
603 637 715 678 117⁰.

467 687 561 727 Lito
578 688 625 727 of

467 739 508 778 S.
530 738 703 778 Godrie.

787 449 920 516 352
1299 463 1567 510 nocem
1619 463 1711 509 ns
1759 461 2177 510 wennovna

790 626 1164 702 gustantur
1219 626 1291 683 et
1347 620 1747 682 cruciantur
1791 625 1864 681 et
1911 618 1995 681 ad
2046 617 2372 682 inferiora
2413 615 2700 688 misera·-

788 720 1020 785 biliter
1053 720 1550 804 deprimuntur.
1667 716 1899 782 Hodie
1957 737 2125 782 vero
2170 717 2503 800 conspexi
2550 715 2701 779 ani·

789 840 972 885 mam
1005 819 1364 904 cujusdam
1385 819 1565 903 justi
1599 818 1885 882 liberam
1914 818 2347 883 transvolare
2375 838 2499 900 per
2520 836 2699 893 eam,

789 929 859 986 et
907 921 1062 984 ideo
1093 939 1249 984 cum
1295 919 1565 1002 angelis
1610 937 1761 982 eam
1803 918 2271 982 deferentibus
2323 917 2508 1000 coepi
2555 935 2702 999 pree

789 1021 1044 1103 gaudio
1080 1027 1388 1097 cantare,
1416 1017 1602 1103 quod
1631 1026 1703 1084 et
1737 1025 1812 1082 tu
1844 1019 2195 1083 admirans
2228 1016 2528 1083 audisti?

948 1195 1237 1269 Qualiter
1263 1203 1516 1262 sanctus
1545 1195 1777 1258 Petrus
1807 1193 1971 1258 beato
2007 1193 2271 1258 Godrico
2303 1193 2553 1257 missam

1581 1292 1924 1362 celebravit.

895 1419 1288 1485 Monachus
1348 1420 1531 1484 idem
1594 1420 1842 1484 iterum
1907 1419 2073 1482 illuc
2138 1436 2456 1482 reversus
2519 1436 2711 1498 quae-

793 1521 956 1585 sivit
996 1521 1085 1585 ab
1127 1521 1400 1584 homine
1440 1519 1602 1598 Dei,
1644 1520 1705 1585 si
1750 1539 1958 1582 unam
2004 1518 2285 1582 missam
2318 1518 2529 1581 vellet
2576 1536 2704 1580 au-

794 1620 964 1699 dire,
1006 1621 1125 1704 qui
1171 1620 1552 1704 respondit,
1600 1625 1621 1654 ‘
1656 1618 1887 1684 Hodie
1936 1620 2021 1683 de
2071 1625 2316 1682 sancta
2360 1617 2705 1681 Trinitate

795 1720 1077 1787 missam
1106 1721 1367 1798 audivi,
1400 1728 1469 1784 et
1503 1721 2051 1785 communionem
2082 1719 2169 1782 de
2196 1717 2404 1782 ma‘nu
2435 1718 2563 1782 viri
2595 1737 2715 1788 cu<

789 1820 1073 1904 jusdam
1131 1821 1485 1886 candidati
1549 1821 1851 1903 suscepi,
1896 1820 2011 1902 qui
2068 1819 2154 1882 de
2199 1819 2369 1883 caelo
2424 1817 2709 1883 descen·

799 1922 968 1985 dens
1030 1923 1281 1987 iterum
1327 1921 1399 1985 in
1461 1921 1710 1990 caelum
1774 1920 2111 1997 ascendit,
2167 1926 2236 1986 et
2292 1925 2370 1983 ut
2423 1925 2713 2000 peccata

799 2021 1164 2087 confiterer
1218 2021 1600 2099 admonuit,
1644 2029 1716 2085 et
1760 2021 1845 2084 de
1890 2021 2060 2084 meis
2118 2019 2527 2084 excessibus
2560 2018 2710 2081 dixi

805 2121 870 2185 ei
923 2123 1251 2206 quicquid
1306 2121 1471 2185 mihi
1518 2121 1861 2200 occurrit3
1911 2121 2013 2189 sic
2056 2127 2290 2184 autem
2349 2119 2710 2184 absolutus

800 2222 892 2288 ab
937 2222 1058 2294 illo
1103 2221 1593 2286 eucharistiam
1639 2223 1725 2286 de
1771 2239 1982 2285 manu
2046 2221 2264 2304 ipsius
2316 2226 2713 2284 reverenter

803 2322 1124 2407 percepi3
1182 2321 1404 2387 officio
1459 2342 1735 2406 quoque
1796 2319 2127 2404 peracto,
2161 2321 2451 2386 elevatis
2497 2320 2714 2384 mani-

807 2424 936 2487 bus
972 2429 1080 2486 est
1109 2423 1420 2487 elevatus
1451 2423 1524 2485 in
1560 2423 1825 2506 caelum,
1874 2422 2266 2499 Laudasne,
2294 2420 2416 2498 fili,
2445 2428 2525 2485 ut
2551 2429 2712 2503 post

808 2523 957 2588 haec
994 2544 1037 2588 a
1069 2531 1139 2589 te
1169 2523 1373 2588 modo
1405 2523 1838 2607 disciplinam
1871 2522 1984 2588 vel
2016 2501 2563 2587 communionem
2598 2542 2716 2585 ac-

809 2626 1057 2708 cipiam
1083 2624 1144 2689 ‘t'
1222 2624 1316 2688 Et
1353 2613 1470 2687 ille
1505 2624 1885 2707 respondit,
1917 2624 2100 2706 quod
2139 2622 2271 2687 hoc
2314 2622 2541 2687 facere
2576 2642 2716 2685 non

809 2725 1120 2804 auderet,
1165 2725 1286 2791 sed
1331 2724 1659 2807 quaesivit
1697 2726 1785 2788 ab
1822 2743 1927 2801 eo,
1969 2724 2124 2806 quis
2158 2726 2555 2788 sanctorum
2599 2723 2719 2786 ille

809 2826 1094 2905 fuisset;
1156 2833 1227 2891 et
1277 2823 1385 2891 vir
1447 2823 1585 2888 Dei
1638 2825 1841 2901 dixit,
1907 2825 2088 2889 hunc
2154 2824 2367 2887 fuisse
2425 2820 2713 2887 Petrum

812 2926 1227 3008 apostolum,
1274 2925 1395 3008 qui
1443 2925 1695 2988 missus
1740 2925 1969 2989 fuerat
2025 2944 2069 2988 a
2114 2924 2439 3000 Domino,
2478 2931 2559 2987 ut
2601 2925 2708 3006 ip-

811 3045 963 3091 sum
1011 3026 1403 3093 absolveret
1437 3044 1481 3087 a
1512 3026 1859 3108 peccatis;
1909 3030 1929 3059 ‘
1962 3023 2075 3090 Tu
2104 3024 2433 3101 missam,'
2463 3024 2717 3107 inquit,

813 3132 834 3163 ‘
859 3126 932 3189 in
965 3126 1294 3191 honorem
1324 3126 1548 3189 beatae
1586 3125 1875 3207 virginis
1909 3124 2279 3202 celebrato,
2315 3132 2394 3188 ut
2426 3124 2576 3208 ejus
2608 3124 2721 3187 in-

815 3232 1136 3293 terventu
1185 3226 1440 3290 Filium
1485 3226 1705 3307 ipsius
1751 3225 2021 3289 habere.
2042 3225 2416 3307 propitium
2455 3244 2723 3289 merea-

814 3327 1013 3405 mur,'
1045 3334 1116 3394 et
1158 3326 1538 3391 monachus
1588 3325 1964 3391 Dominum
2009 3325 2304 3389 laudans
2341 3324 2546 3390 laetus
2592 3344 2721 3407 pa-

815 3428 954 3493 ruit
985 3427 1375 3511 imperanti.

922 3599 1209 3675 Qualiter
1239 3609 1484 3665 sanctus
1518 3599 1825 3665 Godricus
1839 3621 1963 3686 per
1994 3601 2295 3666 orationes
2324 3598 2615 3683 etcrucis

1152 3700 1396 3787 siynum
1411 3700 1562 3789 fuit
1590 3722 1633 3765 a
1667 3699 2033 3765 daemonibus
2064 3699 2379 3765 liberatus·

951 3824 1250 3892 Sanctus
1309 3824 1645 3893 heremita
1700 3831 1771 3892 et
1829 3826 2092 3891 amicus
2159 3825 2295 3889 Dei
2357 3824 2728 3902 GodricuS,

821 3942 979 3989 cum
1009 3943 1228 3991 annos
1263 3924 1728 4008 quadraginta
1757 3926 1829 3989 in
1864 3925 2143 3991 heremo
2175 3924 2359 4009 apud
2398 3925 2730 3990 Finchale

819 4031 1098 4087 strenue
1143 4026 1546 4108 peregisset,
1590 4026 1831 4090 morbo
1876 4025 2231 4091 confectus
2283 4035 2353 4089 et
2398 4026 2590 4090 senio
2637 4026 2727 4090 ad

821 4125 1188 4191 transitum
1247 4127 1783 4209 propinquabat,
1828 4146 1989 4191 nam
2041 4147 2165 4209 per
2213 4133 2372 4192 octo
2414 4126 2557 4191 sere
2602 4146 2730 4191 an-

818 4244 944 4289 nos
990 4225 1061 4288 in
1114 4225 1294 4292 lecto
1340 4225 1714 4309 languidus
1758 4227 2205 4305 decubuerat,
2251 4245 2375 4292 nec
2420 4246 2729 4309 unquam
