3108 5059
851 490 1132 540 rnonns
1177 489 1719 541 msronmntm.
2116 475 2251 542 398

341 650 706 728 collocata,
749 669 907 715 cum
945 650 1304 734 paululum
1345 649 1830 730 obdormisset,
1869 651 2132 716 exsiliit
2176 659 2249 718 et
2270 667 2381 709 m>-
2401 666 2515 708 ¹¹⁷⁸·
2544 671 2553 682 ·

337 751 648 829 incessit,
691 759 1195 835 parentumque
1239 751 1540 834 suspiria
1580 753 1658 816 in
1701 752 2019 817 laetitiam
2062 771 2249 817 com·-
2272 717 2570 820 mugi&

341 852 668 917 mutavit.

571 1024 671 1088 De
698 1022 1002 1088 miraculo
1031 1022 1211 1103 dolii,
1239 1032 1298 1088 et
1325 1022 1663 1110 diliqontia
1694 1025 2025 1112 quaerondi.

450 1147 702 1215 Illuxit
747 1149 1019 1214 interea
1047 1156 1294 1214 sancta
1335 1149 1739 1216 solemnitas
1772 1152 1960 1217 beati
1990 1149 2249 1218 Albani

343 1250 686 1333 martyrio
736 1257 1168 1327 consecrata,
1217 1268 1454 1334 quam,
1502 1251 1577 1314 in
1626 1271 1705 1316 se
1754 1252 2039 1330 claram,
2076 1253 2250 1317 isto-

343 1367 497 1412 rum
547 1349 928 1432 publicatio
979 1350 1464 1416 miraculorum
1515 1350 1816 1416 reddidit
1864 1353 2245 1417 clariorem.

345 1446 832 1514 Admonentur
899 1449 1136 1515 fideles
1200 1451 1290 1514 ad
1358 1451 1831 1536 eleemosynas
1887 1453 2249 1536 largioreS,

345 1548 641 1632 singulis
721 1569 892 1614 usus
976 1549 1255 1633 parcior
1330 1550 1815 1616 alimentorum
1894 1553 2247 1632 indicitur,

343 1656 418 1714 et
485 1649 742 1715 iterata
805 1651 880 1714 in
951 1651 1332 1715 crastinum
1385 1652 1739 1734 processio
1791 1653 2245 1731 instauratur,

343 1749 470 1814 sed
527 1748 923 1833 interpositi
977 1770 1254 1833 quoque
1317 1751 1466 1815 dies
1523 1738 1983 1836 nequa‘quam
2020 1754 2247 1818 otioso

350 1851 691 1914 transiere
737 1850 1105 1931 discursu3
1157 1851 1278 1915 sed
1325 1869 1548 1934 usque
1586 1852 1665 1916 in
1715 1852 1955 1917 horam
2000 1851 2246 1917 inven-

343 1950 556 2015 tionis
617 1956 1015 2015 sanctorum
1083 1951 1433 2015 miraculis
1498 1952 1933 2018 evidentibus
2006 1972 2245 2017 corus-

343 2051 574 2115 cabat.
711 2049 984 2134 Nempe
1057 2051 1168 2114 vir
1243 2050 1525 2134 quidam
1596 2051 1683 2116 de
1756 2052 2245 2135 Kingesberia,

344 2151 686 2215 fodientes
753 2158 825 2215 et
886 2158 1168 2216 sanctos
1227 2158 1627 2234 quaerentes
1678 2152 1996 2231 irridenS,
2043 2161 2246 2218 nocte

345 2269 504 2315 cum
551 2251 710 2315 aliis
751 2251 945 2316 venit
987 2250 1078 2315 ad
1121 2251 1375 2329 locum,
1417 2252 1570 2334 pari
1615 2247 1890 2334 quidem
1937 2254 2077 2333 via,
2120 2253 2243 2318 sed

347 2351 712 2417 voluntate
798 2350 1125 2432 diversa3
1215 2351 1337 2434 qui
1399 2352 1763 2418 confestim
1821 2360 2139 2437 arreptus
2200 2373 2245 2418 a

345 2451 690 2516 daemonio
747 2451 1085 2516 furiosum
1143 2451 1496 2516 evidenter
1548 2455 1919 2539 expressit,
1970 2461 2041 2518 et
2086 2473 2244 2519 ves-

349 2560 458 2618 tes
516 2553 915 2635 dirumpens
975 2552 1255 2637 abjecit,
1324 2560 1420 2632 et,
1481 2554 1603 2636 qui
1676 2554 1852 2619 alios
1926 2554 2247 2618 deridens

347 2660 666 2737 spectare
690 2660 978 2719 venerat
1003 2652 1366 2731 fodienteS,
1408 2654 1883 2736 spectaculum
1926 2655 2247 2719 omnibus

347 2761 461 2819 est
509 2752 792 2819 effectus
823 2774 843 2834 3
891 2772 1208 2837 cumque,
1237 2754 1508 2819 cunctis
1542 2754 1960 2832 videntibus,
1986 2754 2247 2820 diutins

346 2861 813 2937 torqueretur,
856 2853 1292 2937 corripientis
1337 2854 1473 2917 Dei
1517 2872 1763 2919 manus
1806 2856 2132 2933 cessavit,
2177 2861 2249 2919 et

347 2955 624 3019 demum
663 2954 1048 3036 castigatus
1097 2954 1460 3019 incolumis
1503 2955 1592 3017 ad
1638 2956 1921 3039 propria
1961 2956 2249 3040 repeda·

351 3056 477 3121 vit.
579 3053 785 3120 Alius
816 3061 1047 3119 autem
1083 3062 1367 3119 sanctos
1402 3062 1792 3137 quaerentes
1823 3056 2055 3122 verbis
2086 3058 2249 3122 sub-

345 3155 773 3229 sannatoriis
803 3155 1102 3220 illudens
1136 3156 1374 3219 statim
1401 3154 1657 3219 divinae
1708 3156 2056 3240 subjacuit
2083 3157 2247 3220 ulti-

351 3258 493 3335 oni,
557 3270 718 3319 nam
771 3256 954 3320 inter
1007 3255 1424 3339 loquendum
1471 3256 1671 3337 gravi
1722 3264 2081 3339 correptus
2140 3257 2247 3319 in-

350 3356 713 3421 commodo
757 3356 830 3419 in
892 3356 1088 3420 brevi
1141 3354 1617 3438 blasphemum
1668 3355 1987 3439 spiritum
2030 3356 2248 3421 exha-

348 3457 549 3523 lavit.
652 3454 960 3539 Algarus
1005 3455 1090 3519 de
1143 3455 1632 3539 Dunestaplia,
1679 3476 1836 3520 cum
1888 3456 1974 3521 ad
2022 3456 2251 3521 locum

349 3558 646 3622 eundem
723 3555 982 3621 dolium
1063 3556 1242 3620 celia
1316 3556 1595 3638 plenum
1670 3556 1759 3620 ad
1819 3557 2253 3623 vendendum

349 3658 567 3722 rheda
597 3656 860 3741 portari
903 3656 1204 3733 fecisset,
1247 3657 1542 3721 accessit
1579 3654 1667 3721 ad
1696 3676 1856 3721 eum
1882 3678 2069 3741 aeger
2100 3657 2253 3740 qui-

351 3758 514 3825 dam
566 3764 638 3821 et
686 3776 977 3840 pauper,
1031 3774 1286 3839 rogans
1333 3756 1739 3839 simpliciter
1793 3758 1882 3821 ob
1928 3758 2253 3841 martyris

352 3877 683 3936 amorem,
738 3857 942 3941 cujus
1001 3855 1470 3923 inventionem
1526 3857 1826 3941 populus
1890 3865 2254 3941 exspecta-

353 3960 500 4038 bat,
545 3966 627 4024 ut
673 3958 886 4035 sitim,
918 3976 1060 4040 qua
1102 3959 1567 4040 premebatur,
1608 3964 1779 4041 potu
1824 3958 2098 4023 modico
2145 3979 2253 4023 re-

353 4060 665 4140 levaret3
719 4057 1076 4122 incanduit
1118 4056 1429 4139 Algarus
1468 4058 1558 4122 ad
1604 4058 1815 4122 verba
1854 4060 2101 4141 aegroti
2146 4060 2253 4127 ira

353 4158 770 4236 vehementi,
819 4176 1134 4223 asserens
1179 4177 1256 4223 se
1295 4158 1462 4222 illuc
1497 4178 1635 4222 non
1675 4178 1889 4224 causa
1928 4161 2253 4246 martyris

353 4262 744 4338 advenisse,
784 4259 903 4324 sed
959 4266 1039 4323 ut
1089 4259 1356 4323 lucrum
1405 4279 1841 4342 quocumque
1884 4262 2089 4326 modo
2128 4279 2256 4325 au-
