3108 5059
833 490 926 559 68
1349 510 1623 559 nocam
1668 509 1763 559 nn
1806 507 2231 559 wannovna·

519 686 631 727 A-n.
651 687 766 727 ¹⁰⁹⁶-
835 666 1292 735 vindicarent.
1395 669 1617 735 Erant
1658 675 1894 735 autem
1938 668 2072 734 viri
2116 666 2315 751 quasi
2358 666 2571 745 mille,
2616 666 2735 750 qui

841 770 932 833 ad
985 770 1164 834 hanc
1219 777 1682 854 proruperant
1726 770 2211 847 temeritatem,
2268 776 2517 833 contra
2566 786 2745 851 quos

841 869 1123 953 quidam
1185 890 1276 935 ex
1327 871 1611 936 urbanis
1668 870 1931 953 egressi
1984 870 2241 934 bellum
2286 870 2533 953 ingens
2584 888 2743 932 oum

843 972 1272 1036 nostratibus
1317 971 1849 1051 commiserunt3
1896 968 2141 1035 deinde
2180 971 2392 1048 civeS,
2422 970 2751 1034 reseratis

840 1071 1067 1137 valvis
1105 1073 1392 1155 egressi,
1431 1072 1849 1156 quingentos
1891 1091 1982 1135 ex
2023 1070 2277 1136 nostris
2316 1090 2529 1153 snper
2567 1090 2745 1153 pon-

842 1178 980 1236 tem
1008 1180 1468 1256 peremerunt,
1497 1172 1780 1256 reliquis
1814 1191 2015 1255 paene
2042 1171 2387 1248 omnibus,
2411 1169 2578 1234 dum
2608 1170 2757 1233 flu-·

841 1272 1048 1337 minis
1076 1274 1262 1339 vada
1303 1274 1670 1351 nescirent,
1702 1272 2101 1337 submersis,
2204 1271 2575 1336 Exercitus
2620 1290 2758 1335 au-=

842 1380 983 1438 tem
1032 1374 1252 1452 Petri,
1293 1381 1564 1439 tantam
1606 1392 1888 1438 suorum
1936 1392 2077 1437 non
2118 1371 2346 1437 ferens
2390 1372 2743 1456 injuriam,

842 1473 933 1539 ad
963 1492 1157 1539 arma
1185 1475 1583 1551 convolant,
1610 1482 1706 1551 et,
1728 1472 2259 1556 confligentibus
2293 1473 2475 1537 inter
2506 1492 2585 1538 se
2616 1490 2755 1554 ag-

842 1574 1169 1652 minibus,
1218 1573 1612 1640 ceciderunt
1664 1594 1757 1639 ex
1822 1573 2203 1656 peregrinis
2250 1573 2453 1656 quasi
2506 1571 2742 1637 decem

843 1674 1062 1739 millia
1087 1675 1416 1754 virorum,
1447 1682 1518 1740 et
1549 1674 1745 1739 Petri
1778 1673 2162 1739 Heremitae
2191 1674 2484 1756 pecunia
2515 1680 2666 1738 tota
2698 1692 2747 1737 a

845 1774 1173 1858 Bulgaris
1206 1784 1414 1859 capta
1451 1783 1585 1854 est,
1612 1782 1883 1840 retento
1912 1774 2063 1859 ejus
2096 1794 2301 1838 curru
2333 1775 2489 1839 cum
2522 1774 2743 1839 omni-

843 1876 974 1940 bus
1021 1896 1180 1959 quae
1229 1877 1569 1956 habebat3
1616 1874 1729 1940 die
1768 1883 2002 1940 autem
2040 1882 2317 1958 quarto,
2357 1875 2745 1939 recollectis

844 1976 1038 2054 viriS,
1071 1978 1190 2061 qui
1220 1976 1514 2060 dispersi
1551 1983 1752 2042 erant
1792 1996 1917 2060 per
1948 1976 2211 2058 sugam,
2240 1976 2443 2059 quasi
2488 1973 2576 2040 ad
2620 1976 2759 2040 tri—

844 2077 1044 2158 ginta
1075 2076 1316 2156 millia,
1352 2096 1591 2149 rursus
1640 2096 1715 2141 se
1750 2077 1838 2141 ad
1877 2077 2012 2141 iter
2040 2076 2505 2159 accingentes,
2534 2077 2743 2153 viam,

841 2175 1006 2241 licet
1035 2196 1191 2242 cum
1218 2197 1476 2261 magna
1498 2175 1927 2254 difficultate,
1954 2176 2390 2255 continuant,
2419 2176 2490 2258 et
2516 2184 2747 2242 matu-

841 2283 998 2341 rato
1045 2277 1294 2343 itinere
1339 2277 2016 2361 Constantinopolim
2059 2265 2564 2360 pervenerunt3
2622 2278 2745 2343 nbi

846 2376 1102 2441 Petrus
1133 2379 1568 2461 imperatoris
1608 2378 1951 2461 colloquio
1985 2378 2228 2454 sretuS,
2258 2398 2414 2443 cum
2444 2398 2570 2461 per
2596 2379 2767 2443 dies-

849 2477 1118 2562 aliquot
1159 2480 1541 2545 exercitum
1586 2478 1837 2547 ibidem
1880 2485 2285 2557 recreasset,
2316 2499 2409 2544 ex
2446 2479 2764 2562 impera--⁴

847 2579 1021 2645 toris
1076 2581 1429 2658 mandato,
1475 2580 1777 2645 transito
1828 2578 2315 2663 Hellesponto,
2366 2580 2442 2643 in
2496 2581 2764 2664 Bithy-.

847 2681 1057 2759 niam,
1095 2701 1254 2765 quae
1299 2682 1523 2766 prima
1565 2686 1673 2745 est
1710 2678 1905 2744 Asiae
1952 2680 2335 2763 provincia,
2372 2679 2747 2746 descende-

846 2787 1054 2861 runt3
1104 2782 1350 2847 deinde
1399 2782 1487 2846 ad
1534 2781 1766 2845 locum
1812 2800 2026 2864 snpra
2056 2780 2239 2845 idem
2282 2800 2471 2846 mare
2510 2780 2745 2860 sitnm,

847 2881 960 2944 cui
994 2882 1268 2947 nomine
1298 2880 1633 2960 Cinitoth,
1667 2881 2047 2961 venienteS,
2076 2881 2551 2948 castrametati
2582 2890 2753 2948 sunt

847 2980 1126 3048 ibidem.

978 3159 1080 3224 Do
1106 3157 1364 3225 interitu
1391 3157 1661 3246 triyinta
1693 3158 1966 3226 millium
1999 3180 2175 3226 cruce
2201 3159 2605 3260 siynatomqm.

524 3301 700 3352 fflntory
717 3302 768 3341 οἱ
951 3284 1125 3349 Erat
1182 3291 1415 3349 autem
1465 3284 1661 3349 locus
1709 3283 1829 3348 ille
1876 3283 1948 3346 in
2009 3282 2307 3348 confinio
2358 3283 2744 3349 Turcorum

569 3364 594 3392 ⁰
811 3379 1140 3469 ’positus,
1189 3405 1418 3450 rerum
1465 3384 1774 3448 omnium
1823 3390 1895 3448 et
1947 3384 2291 3466 praecipue
2343 3383 2745 3450 victualium

845 3486 1218 3569 opulentus
1251 3505 1271 3565 ς
1329 3503 1623 3567 cumque
1684 3483 1939 3547 ibidem
1988 3484 2186 3567 quasi
2239 3484 2507 3549 duobus
2553 3505 2749 3551 men-

843 3587 1037 3652 sibus
1085 3583 1511 3649 consedisset
1556 3583 1926 3660 exercituS,
1976 3592 2336 3667 coeperunt
2370 3584 2605 3656 Latini
2654 3586 2747 3651 ad

844 3687 1077 3752 decem
1135 3685 1378 3752 millia.
1405 3684 1709 3750 virorum
1772 3684 2126 3767 regionem
2187 3685 2611 3767 perlustrare
2674 3694 2753 3752 et

843 3805 1094 3870 greges
1137 3787 1400 3869 pariter
1429 3785 1839 3852 contrahere
1872 3793 1944 3850 et
1980 3793 2318 3863 armenta,
2350 3793 2559 3870 atque
2590 3807 2763 3852 ver·-

841 3907 963 3952 sus
1000 3887 1317 3950 Nicaeam
1349 3887 1587 3950 urbem
1642 3885 1981 3957 ordinatis
2012 3885 2403 3967 agminibus
2430 3886 2749 3969 profecti,

841 4007 999 4053 cum
1041 3988 1279 4070 praeda
1307 3987 1637 4065 maxima,
1672 3987 1821 4051 sine
1864 4005 2146 4050 suorum
2182 3986 2541 4070 dispendio
2578 3995 2747 4053 sunt

841 4089 1122 4155 reversi.
1230 4087 1452 4153 Porro
1497 4086 1893 4165 Teutonici,
1926 4086 2241 4152 videntes
2282 4087 2468 4170 quod
2512 4087 2586 4152 in
2622 4089 2750 4154 illo

839 4190 1122 4273 negotio
1167 4188 1438 4253 Latinis
1481 4207 1811 4271 prospere
1855 4187 2245 4265 accidisset,
2292 4187 2746 4255 decreverunt

841 4297 912 4354 et
949 4290 1084 4373 ipsi
1116 4289 1338 4354 simile
1372 4288 1635 4372 aliquid
1674 4295 2061 4368 attentare3
2098 4287 2281 4352 unde
2315 4287 2404 4354 ad
2440 4289 2745 4375 [decem]
