3108 5059
518 643 570 682 A.
577 643 630 682 D.
652 640 764 682 1097.

517 693 600 733 His
582 697 694 742 story
711 692 760 732 ot

517 744 814 784 theon-undet.

517 1653 640 1704 stege
647 1653 695 1694 or
698 1653 738 1694 N
741 1653 818 1694 ice.

843 448 932 514 82
1353 461 1625 510 nocam
1673 461 1768 508 DE
1818 460 2231 510 wannovnn

844 624 986 690 Hic
1035 624 1250 706 igitur
1295 621 1591 706 primum
1634 641 1727 686 ex
1770 619 2065 685 diversis
2113 620 2506 702 agminibus
2556 638 2741 682 unus

845 725 977 792 Dei
1009 725 1306 790 viventis
1342 722 1567 788 sactus
1604 729 1711 786 est
1753 722 2124 798 exercituS,
2159 722 2279 785 ubi
2318 715 2742 802 ¹legionibus

843 826 1221 892 numeratis
1260 825 1522 888 inventi
1568 829 1733 888 sunt
1775 822 2031 888 habere
2069 822 2373 906 peditum
2408 826 2745 885 sexcenta

843 928 1085 1004 millia,
1130 926 1439 1009 equitum
1470 945 1635 989 vero
1678 922 2126 988 loricatorum
2178 929 2455 988 centum
2500 921 2741 996 millia,

843 1029 962 1111 qui
1006 1045 1244 1092 omnes
1276 1027 1350 1089 in
1391 1044 1641 1111 gyrum
1684 1023 2036 1107 praedictae
2072 1023 2265 1088 urbis
2310 1022 2743 1088 considentes

842 1129 1156 1193 laborum
1215 1146 1499 1191 suorum
1561 1145 1719 1190 cum
1774 1122 1965 1190 omni
2018 1124 2389 1189 devotione
2442 1122 2747 1187 fructum

845 1229 1146 1294 Domino
1180 1233 1692 1293 consecrarunt.

901 1402 1002 1467 De
1018 1423 1243 1489 puyna
1271 1402 1436 1466 inter
1469 1400 1852 1466 Christianos
1880 1411 1937 1464 et
1974 1400 2225 1478 Tuo-008,
2255 1410 2311 1466 et
2337 1409 2680 1464 nostrorwm

1503 1501 1771 1566 victoria
1794 1500 2084 1588 yloriosa.

948 1625 1018 1690 N
1020 1619 1243 1703 icaea,²
1267 1626 1431 1690 urbs
1466 1645 1726 1707 magna
1759 1633 1830 1690 et
1866 1645 2097 1690 rerum
2126 1623 2429 1689 omnium
2462 1623 2749 1707 opulen-

846 1727 1138 1804 tissima,
1183 1746 1324 1790 una
1368 1734 1474 1793 est
1531 1727 1618 1791 de
1670 1725 2071 1791 civitatibus
2119 1723 2496 1808 Bithyniae,
2544 1723 2745 1806 cujus

845 1827 1162 1893 dominus
1227 1834 1380 1891 erat
1426 1827 1709 1910 quidam
1762 1818 2150 1890 Turcorum
2205 1824 2750 1907 potentissimuS‚

845 1928 1051 1992 simul
1090 1935 1162 1992 et
1205 1928 1418 1992 totius
1459 1927 1789 2010 regioniS,
1826 1926 2100 1992 nomine
2132 1925 2597 2001 Solimannus,
2630 1924 2749 2006 qui

845 2030 1089 2111 lingua
1123 2028 1495 2093 Persarum
1549 2048 1676 2093 rex
1721 2028 2238 2110 interpretatur.
2340 2024 2579 2110 Hujus
2629 2043 2753 2088 au-

847 2136 986 2194 tem
1037 2137 1508 2194 antecessores
1560 2129 1649 2192 ab
1698 2129 2115 2212 imperatore
2163 2125 2753 2208 Constantinopo-

845 2229 1091 2306 litan0,
1128 2229 1448 2295 Romano
1492 2229 1793 2306 nomine,
1826 2229 1947 2312 qui
1986 2234 2151 2292 ante
2201 2226 2385 2291 hunc
2418 2221 2751 2290 Alexium

847 2337 999 2394 erat
1039 2331 1306 2407 tertius,
1352 2330 1480 2394 has
1520 2329 1705 2395 bello
1754 2335 2265 2412 occupaverant
2316 2327 2635 2409 regiones
2680 2331 2755 2390 et

848 2430 1128 2494 easdem
1171 2430 1334 2496 huic
1381 2431 1809 2496 tradiderant
1855 2429 2255 2494 Solimanno
2290 2448 2309 2508 3
2350 2427 2757 2511 possidebat-

849 2538 1080 2596 autem
1153 2532 1548 2615 provincias
1620 2532 1981 2596 universas
2043 2550 2087 2594 a
2148 2529 2421 2595 Tharso
2483 2527 2749 2594 Ciliciae

849 2652 1070 2716 usque
1113 2632 1202 2695 ad
1241 2631 1803 2716 Hellespontum,
1848 2631 1948 2697 ita
1989 2638 2069 2696 ut
2108 2632 2181 2695 in
2236 2630 2537 2695 confinio
2566 2628 2751 2695 Con-

847 2733 1486 2815 stantinopolitanae
1532 2732 1837 2798 civitatis
1881 2738 2368 2815 procuratores
2412 2750 2581 2794 suos
2625 2729 2751 2793 ha-

848 2834 1061 2911 beret,
1095 2834 1214 2916 qui
1253 2834 1516 2898 tributa
1545 2840 1619 2897 et
1648 2833 2023 2915 vectigalia
2061 2832 2275 2896 totius
2314 2832 2617 2913 regionis
2662 2830 2755 2895 ad

845 2934 1277 2998 commodum
1347 2933 1605 2998 domini
1668 2934 1779 2997 sui
1838 2933 2245 3015 colligerent
2311 2939 2383 2996 et
2460 2931 2753 2996 collecta

847 3034 1326 3099 confiscarent.
1434 3034 1599 3117 Ipse
1646 3041 1879 3107 autem
1932 3053 2085 3098 cum
2138 3032 2581 3098 multitudine
2636 3052 2754 3096 co-

847 3136 1046 3217 piosa
1079 3142 1498 3200 armatorum
1529 3136 1604 3200 in
1636 3135 1986 3199 montibus
2018 3134 2289 3211 vicinis,
2320 3126 2479 3196 ³vix
2506 3134 2595 3196 ab
2627 3134 2751 3197 ob-

847 3236 1116 3301 sidione
1144 3237 1380 3300 decem
1409 3235 1821 3299 milliaribus
1850 3235 2139 3312 distanS‚
2158 3234 2749 3317 opportunitatem

847 3337 1228 3419 quaerebat,
1260 3355 1401 3419 quo
1445 3337 1683 3399 ordine
1732 3337 1971 3401 urbem
2013 3342 2251 3418 posset
2282 3354 2327 3398 a
2362 3354 2564 3399 cruce
2610 3336 2753 3416 sig-

846 3445 1165 3501 natorum
1210 3436 1686 3519 inquietudine
1734 3426 2048 3501 liberare.
2094 3520 2099 3527 Ι
2154 3436 2356 3499 Tunc
2408 3434 2751 3499 Soliman-

847 3556 1000 3613 nuS,
1033 3543 1115 3600 ut
1145 3538 1333 3601 cives
1373 3538 1691 3602 obsessos
1720 3538 2222 3614 consolaretur,
2250 3536 2428 3600 duos
2470 3536 2559 3599 ad
2592 3535 2755 3601 illos

847 3637 1101 3702 direxit
1142 3638 1445 3715 nuntios,
1475 3638 1596 3720 qui
1642 3638 1923 3720 navigio
1957 3658 2082 3720 per
2110 3637 2338 3701 lacum
2374 3636 2463 3701 ad
2508 3638 2752 3701 urbem

845 3738 1363 3816 descenderent,
1409 3745 1480 3807 et
1513 3738 1849 3803 mandata
1884 3738 2016 3802 sibi
2059 3738 2387 3821 imposita
2432 3736 2520 3801 ad
2558 3738 2749 3801 cives

845 3840 1163 3905 obsessos
1185 3838 1457 3905 occulte
1489 3838 1877 3922 perferrent
1903 3860 1920 3919 3
1954 3838 2076 3903 sed
2110 3858 2289 3903 unus
2324 3858 2421 3903 ex,
2441 3837 2606 3915 illis,
2630 3838 2748 3921 qui

915 4088 1246 4155 'Legionibus
1267 4087 1579 4160 numer-atim]
1619 4092 1769 4142 Com·
1886 4088 1911 4119 ³
1933 4090 2039 4140 Vix
2070 4088 2131 4141 ab
2165 4087 2440 4137 obsidione.
2492 4123 2505 4137 .
2460 4085 2759 4151 .diot‹m⁸.]

841 4178 964 4225 pare
981 4163 1216 4214 Fulcher.
1241 4162 1446 4214 Carnot.
1470 4178 1522 4224 p.
1542 4167 1655 4213 387.
1816 4162 1834 4189 ‘
1854 4162 1958 4210 Vix
1997 4176 2030 4209 a
2067 4164 2237 4208 bostro
2292 4158 2517 4227 exercitu
2574 4158 2763 4228 decem·

910 4230 931 4261 ²
955 4234 1144 4295 Nic-cea,
1183 4233 1300 4282 urbs
1341 4248 1534 4295 magna.
1553 4228 1581 4301 ]
1627 4234 1769 4284 Will.
1820 4233 2016 4281 distans
2048 4218 2369 4280 milliaribuS.
2375 4226 2389 4251 ’
2453 4222 2595 4278 will.
2627 4224 2747 4291 Tyr.

838 4304 960 4366 Tyr.
983 4319 1036 4365 p.
1060 4308 1175 4354 666.
1818 4318 1871 4365 p.
1896 4306 2009 4352 666.
2308 4348 2313 4351 .
