3108 5059
866 455 1145 504 rnonns
1192 456 1737 504 msronunum.
2113 441 2244 506 251

340 609 550 690 gliam
596 612 967 676 transitum
1007 613 1389 692 habuisset,
1434 614 1586 695 regi
1627 613 1986 696 Stephano
2021 614 2244 678 fideli·
2274 634 2385 675 ω).
2409 635 2520 673 ιιει.

341 715 555 772 tatem
578 710 872 794 juravit.

582 881 683 945 De
715 881 989 966 quadam
1016 880 1228 946 hami
1258 883 1623 950 miraculose
1653 886 2000 970 confutata.

444 1003 651 1070 Circa
679 1007 829 1071 dies
864 1008 1062 1082 istos,
1108 1001 1532 1091 ¹pnllulante
1564 1029 1894 1092 perversa
1925 1010 2245 1074 doctrina
2272 1027 2452 1077 Lerend-

349 1103 640 1169 Henrici
692 1106 1053 1190 cujusdam
1098 1106 1429 1186 haeretici,
1465 1116 1536 1173 et
1581 1110 1882 1173 maxime
1923 1111 1998 1173 in
2045 1110 2246 1174 Was-

346 1205 570 1280 conia,
616 1207 981 1270 suscitavit
1031 1205 1375 1272 Dominus
1440 1209 1759 1291 spiritum
1823 1209 2072 1291 puellae
2123 1210 2242 1293 Ju-

348 1303 559 1368 nioris
614 1305 687 1368 in
742 1305 865 1369 illa
924 1305 1285 1389 provincia
1342 1307 1441 1381 ad,
1480 1307 1673 1372 illam
1715 1307 2032 1374 haeresim
2080 1328 2244 1375 con-

347 1403 729 1482 futandam,
783 1424 990 1486 quam
1049 1413 1291 1470 contra
1334 1407 1666 1472 articulos
1711 1406 1870 1473 fidei
1912 1407 2246 1490 praedica·

346 1504 511 1582 bat3
548 1503 834 1587 jacebat
884 1505 1065 1567 enim
1119 1505 1356 1586 puella
1418 1507 1491 1568 in
1547 1525 1968 1590 unaquaque
2035 1509 2248 1590 septi-

346 1621 554 1666 mana
632 1623 756 1686 per
814 1603 1115 1668 triduum
1186 1606 1446 1687 absque
1505 1625 1700 1683 voce,
1743 1625 1966 1672 sensu
2035 1614 2246 1689 atque

348 1701 545 1779 flatu,
590 1708 663 1765 et
704 1702 1143 1785 postmodum
1190 1704 1278 1768 ad
1322 1724 1400 1767 se
1442 1724 1724 1769 reversa
1764 1706 2040 1770 dicebat
2081 1708 2245 1770 bea-

346 1809 487 1864 tam
553 1801 857 1865 Mariam
912 1821 1111 1866 orare
1186 1823 1314 1886 pro
1378 1804 1638 1888 populo
1702 1803 2124 1882 Christiane,
2173 1812 2246 1870 et

346 1901 624 1966 beatum
680 1900 967 1964 Petrum
1012 1902 1332 1967 docuisse
1376 1923 1451 1966 se
1496 1903 1702 1967 fidem
1738 1903 2241 1983 orthodoxam3

350 2007 419 2064 et
458 2000 563 2064 sic
607 2000 692 2064 de
739 2000 876 2064 fide
922 2001 1265 2066 catholica
1311 2003 1664 2084 sapienter
1705 2002 2133 2084 disputabat,
2171 2011 2243 2068 et

348 2101 697 2183 praecipue
746 2100 1062 2164 haeresim
1112 2100 1405 2166 Hem-ici
1448 2101 1865 2169 convincens
1909 2102 2243 2185 plurimos

347 2199 435 2262 ab
462 2219 547 2262 eo
578 2199 903 2264 seductos
936 2200 1025 2264 ad
1064 2201 1293 2265 sinum
1334 2208 1598 2265 sanctae
1647 2202 1888 2265 matris
1933 2201 2242 2269 ecclesiae

349 2299 725 2364 revocavit.

414 2474 513 2543 De
522 2473 709 2557 facto
736 2474 1001 2560 quodam
1030 2471 1413 2541 memorabili
1447 2443 1726 2539 Oonradi
1756 2475 2168 2561 imperatoris.

448 2600 713 2665 Eodem
746 2621 927 2666 anno
961 2600 1324 2665 conradus
1360 2600 1763 2683 imperator,
1794 2599 1900 2662 vir
1942 2598 2244 2680 prudens
2266 2615 2360 2704 Dm·
2359 2615 2558 2705 ‘herm‘

352 2706 422 2764 et
462 2700 829 2777 discretus,
874 2700 1057 2766 diem
1101 2700 1354 2765 clausit
1395 2707 1810 2775 extremum,
1843 2697 1928 2762 de
1962 2718 2099 2781 quo
2143 2698 2238 2761 le·
2336 2677 2410 2715 ⁹⁰¹

352 2800 566 2881 gitur,
599 2800 786 2883 quod
822 2801 983 2864 dum
1018 2801 1093 2863 in
1124 2806 1365 2864 sancto
1411 2798 1853 2875 Pentecoste,
1882 2798 2244 2879 praesenti-

348 2901 477 2963 bus
524 2899 1082 2982 archiepiscopis,
1126 2899 1493 2982 episcopiS,
1538 2904 1610 2962 et
1650 2898 1921 2980 imperii
1964 2916 2248 2979 magna-

352 3000 563 3077 tibuS,
587 3000 663 3062 in
692 3000 862 3063 urbe
880 2999 1181 3082 quadam
1206 2999 1461 3062 divinis
1488 2998 1855 3061 interesset
1871 2997 2244 3079 obsequiis,

349 3098 628 3163 diabolo
668 3098 1073 3181 instigante,
1119 3098 1425 3164 surrexit
1455 3098 1810 3161 contentio
1843 3096 2024 3160 inter
2067 3116 2245 3177 prae-

349 3198 533 3263 latos
580 3206 1023 3275 memoratoS,
1084 3198 1241 3280 quis
1294 3198 1576 3261 deberet
1627 3215 1779 3260 esse
1838 3195 2113 3277 dignior
2170 3195 2244 3259 in

349 3298 655 3380 primatu
700 3298 1105 3375 cathedrali,
1140 3304 1221 3360 ut
1250 3296 1654 3379 imperatori
1694 3296 1978 3378 propius
2017 3294 2244 3359 consi-

347 3398 583 3474 deret3
644 3398 1141 3463 altercantibus
1190 3403 1423 3463 autem
1482 3395 1826 3477 episcopis
1876 3395 2060 3463 circa
2112 3393 2242 3457 hoc

350 3497 645 3580 aliisque
698 3496 1031 3579 praelatis,
1085 3501 1454 3560 accurrunt
1501 3494 1872 3559 eorundem
1917 3493 2245 3576 praelato-

348 3616 499 3661 rum
534 3597 835 3661 ministri
864 3616 1019 3661 cum
1050 3595 1301 3678 gladiis
1326 3602 1396 3659 et
1422 3594 1746 3671 fustibuS,
1769 3600 1862 3669 et,
1893 3594 1994 3656 sic
2017 3593 2243 3675 plagis

346 3696 718 3779 impositis,
756 3697 928 3760 istos
972 3696 1059 3759 de
1103 3696 1248 3758 suis
1300 3694 1634 3759 sedilibus
1681 3692 2124 3756 extrahentes
2167 3692 2242 3754 in

349 3796 605 3860 eisdem
652 3794 827 3859 alios
860 3796 1314 3871 intruserunt,
1355 3800 1450 3871 et,
1487 3793 1612 3857 lite
1655 3797 2073 3866 contestata,
2111 3790 2241 3853 mi-

349 3902 495 3959 tras
528 3895 689 3959 hinc
719 3894 879 3959 inde
905 3901 977 3958 et
1001 3894 1389 3978 pastorales
1414 3893 1700 3957 baculos
1728 3889 2241 3978 confregerunt,

351 3995 755 4077 sanguinem
807 3996 882 4058 in
932 3994 1225 4059 ecclesia
1290 4014 1430 4058 non
1482 3994 1839 4056 minimum
1891 3990 2242 4056 effunden-

416 4174 430 4203 ¹
448 4172 736 4221 Pullulcmte
754 4185 978 4233 perversa
998 4169 1261 4231 doctrinm]
1314 4183 1444 4232 seqq.
1480 4169 1607 4217 with
1647 4170 1834 4218 Baron.
1874 4168 1942 4217 ad
1976 4184 2060 4217 an.
2096 4172 2248 4230 114⁷,

352 4241 595 4304 Compare
610 4242 768 4303 Pagi,
782 4240 849 4289 ad
863 4256 945 4290 an.
959 4237 1140 4305 1116,§
1152 4240 1261 4287 xix.
1315 4235 1341 4302 ξ
1362 4240 1454 4287 xii.
