3108 5059
468 665 577 706 AJ).
604 667 618 704 l
630 667 713 705 15³.

468 717 636 766 Legend
644 716 691 754 os
698 716 771 755 the

469 772 693 858 rm?
711 766 758 807 ⁰¹

788 475 919 542 258
1310 494 1580 541 noc-mu
1627 493 1722 541 nn
1767 493 2184 543 wnnnovnn

792 653 962 728 sius,
1012 653 1177 736 pius·
1213 653 1347 717 Dei
1396 653 1622 718 Filius
1669 673 2011 737 apparens
2055 655 2118 718 ei
2163 652 2368 716 duxit
2413 669 2570 714 eum
2615 651 2691 712 in

795 752 1021 818 locum
1070 752 1440 830 desertum,
1494 761 1566 818 et
1627 755 1929 819 ostendit
1981 755 2084 818 illi
2133 752 2532 836 speluncam
2579 769 2695 813 ro-

796 853 1079 918 tundam
1117 860 1187 918 et
1217 855 1581 918 obscuram
1615 855 2052 932 intrinsecae,
2093 862 2165 919 et
2195 853 2401 929 dixit,
2431 857 2450 885 ‘
2476 849 2694 929 Quis-

797 954 952 1036 quis
990 955 1325 1018 veraciter
1358 956 1707 1039 poenitens
1747 962 1818 1019 et
1860 955 1934 1018 in
1967 954 2100 1019 fide
2136 960 2462 1018 constans
2508 949 2694 1015 hanc

797 1053 1197 1136 speluncam
1246 1056 1605 1136 ingressus
1646 1054 1855 1122 fuerit
1907 1055 2136 1137 spatio
2174 1054 2379 1117 unius
2423 1051 2560 1114 diei
2609 1069 2694 1113 ac

800 1154 1046 1231 noctis,
1101 1156 1191 1219 ab
1246 1157 1566 1220 omnibus
1617 1156 1691 1219 in
1755 1175 1841 1219 ea
1893 1155 2303 1237 purgabitur
2364 1151 2694 1234 peccatiS‚

800 1255 1047 1336 quibus
1098 1255 1172 1318 in
1227 1263 1380 1319 tota
1424 1255 1574 1320 vita
1619 1274 1750 1318 sua
1806 1255 2031 1319 Deum
2081 1253 2413 1330 offendit3
2483 1258 2698 1334 atque

800 1374 952 1418 eam
1006 1355 1397 1436 ingrediens
1448 1376 1588 1420 non
1649 1356 1872 1419 solum
1921 1361 2268 1419 tormenta
2331 1352 2697 1427 malorum,

801 1455 946 1533 sed,
982 1454 1041 1518 si
1088 1456 1159 1518 in
1189 1455 1325 1519 Dei
1368 1455 1736 1520 dilectione
1777 1462 2176 1520 constanter
2208 1471 2696 1536 perseverave-

802 1555 917 1632 rit,
962 1554 1223 1618 videbit
1268 1562 1339 1618 et
1388 1555 1646 1637 gaudia
1700 1555 2109 1620 beatorum.'
2203 1553 2342 1630 Sic,
2391 1553 2698 1617 Domino

799 1654 1220 1737 disparente,
1277 1663 1562 1720 sanctus
1612 1655 1985 1733 PatriciuS,
2041 1663 2185 1719 tam
2232 1674 2357 1737 pro
2410 1653 2700 1717 Domini
2759 1717 2772 1724 ,

802 1755 1239 1838 apparitione
1262 1775 1469 1838 quam
1502 1775 1630 1840 pro
1655 1756 2006 1839 speluncae
2036 1754 2431 1819 ostensione
2463 1754 2699 1831 laetus,

802 1856 1131 1937 sperabat
1161 1856 1485 1936 miserum
1522 1855 1882 1920 Hiberniae
1910 1855 2248 1939 populum
2263 1875 2340 1919 se
2371 1854 2461 1918 ad
2489 1853 2697 1916 fidem

802 1955 1213 2020 catholicam
1248 1975 1780 2036 conversurum3
1835 1964 1907 2020 et
1949 1957 2022 2019 in
2065 1955 2220 2020 loco
2262 1955 2383 2019 illo
2422 1953 2699 2018 confes-

802 2055 928 2118 tim
984 2056 1363 2119 oratorium
1429 2064 1862 2133 construenS,
1921 2054 2354 2139 speluncam,
2405 2073 2590 2137 quae.
2623 2054 2700 2117 in

803 2155 1195 2220 coemeterio
1227 2162 1334 2220 est
1368 2163 1529 2222 ante
1557 2157 1854 2221 frontem
1887 2157 2222 2229 ecclesiae,
2249 2152 2700 2220 circumdedit

803 2260 873 2318 et
914 2253 1201 2337 januam
1241 2274 1397 2319 cum
1442 2257 1614 2321 seris
1661 2257 2012 2340 apposuit,
2047 2275 2131 2320 ne
2168 2257 2324 2339 quis
2354 2275 2507 2320 eam
2547 2255 2699 2318 sine

802 2353 953 2437 ejus
987 2354 1273 2418 licentia
1314 2356 1654 2422 introiret.
1731 2356 2126 2422 Canonicos
2155 2356 2509 2438 regulares
2542 2354 2703 2419 loco

805 2453 924 2518 illo
958 2454 1367 2533 introduxit,
1400 2463 1470 2520 ct
1502 2458 1714 2539 priori
1745 2457 2055 2522 ecclesiae
2099 2457 2364 2521 clavem
2393 2455 2702 2519 custodi-

804 2556 1051 2619 endam
1085 2556 1427 2621 commisit
1455 2565 1795 2637 statuenS,
1819 2566 1923 2637 ut,
1947 2557 2340 2641 quicunque
2362 2564 2700 2641 purgato-

802 2654 979 2719 rium
1026 2656 1293 2739 ingredi
1325 2658 1650 2736 voluerit,
1685 2660 1776 2723 ab
1809 2660 2135 2743 episcopo
2167 2658 2303 2724 loci
2343 2658 2699 2722 licentiam

802 2754 1080 2833 habeat,
1126 2764 1198 2820 et
1243 2776 1400 2821 cum
1452 2757 1672 2824 literis
1731 2759 2038 2842 episcopi
2089 2758 2376 2824 accedat
2422 2758 2509 2821 ad
2560 2758 2704 2840 pri-

803 2875 1015 2933 orem,
1077 2862 1147 2919 et
1210 2857 1299 2919 ab
1354 2878 1437 2921 eo
1490 2858 1870 2924 instructus
1922 2858 2394 2941 purgatorium
2456 2858 2704 2923 intret.

807 2954 1019 3019 Multi
1050 2962 1276 3019 autem
1317 2958 1388 3020 in
1416 2956 1658 3047 diebus
1684 2960 1873 3024 beati
1903 2958 2192 3023 Patricii
2220 2958 2702 3042 purgatorium

802 3056 1260 3134 intraverunt,
1297 3058 1415 3139 qui
1455 3060 1717 3123 reversi
1748 3060 1988 3124 testati
2033 3062 2198 3124 sunt
2238 3078 2314 3122 se
2349 3065 2701 3123 tormenta

803 3156 1048 3237 gravia
1077 3158 1466 3249 pertulisse,
1496 3165 1568 3224 et
1597 3160 1854 3241 gaudia
1879 3178 2134 3242 magna
2165 3157 2418 3223 ibidem
2453 3165 2525 3223 et
2552 3158 2702 3223 ine-

802 3256 1175 3321 narrabilia
1204 3259 1674 3340 conspexisse.
2585 3262 2588 3269 '

850 3430 1027 3511 Quod
1053 3431 1225 3497 miles
1252 3433 1501 3497 Hoenus
1544 3434 1618 3496 de
1649 3432 1900 3499 licentia
1928 3434 2192 3521 episcopi
2221 3433 2338 3497 loci
2353 3441 2659 3520 pur-yata-

1503 3534 1674 3597 rium
1707 3534 1996 3599 intravit.

906 3656 1116 3721 Miles
1166 3658 1403 3741 itaque
1440 3659 1907 3742 supradictus,
1953 3678 2110 3723 cum
2147 3657 2551 3739 angustiosa
2595 3658 2706 3722 ni-

802 3758 934 3823 mis
984 3759 1070 3822 ab
1120 3759 1448 3842 episcopo
1495 3766 1878 3824 memorato
1918 3758 2264 3823 licentiam
2310 3757 2702 3840 postularet

803 3860 1281 3941 purgatorium
1332 3860 1759 3944 experiendi,
1799 3879 1960 3923 cum
2010 3858 2204 3921 illum
2255 3858 2712 3940 cognovisset.

803 3958 1167 4041 episcopus
1202 3959 1680 4039 inflexibilem,
1715 3959 2000 4024 tradidit
2031 3959 2095 4022 ei
2139 3958 2376 4022 literas
2411 3976 2580 4021 suas
2611 3959 2704 4021 ad

803 4057 1101 4140 priorem
1152 4058 1312 4137 loci,
1348 4061 1686 4125 mandans
1726 4067 1806 4124 ut
1847 4078 2004 4125 cum
2056 4058 2177 4123 illo
2219 4066 2461 4141 ageret
2517 4059 2702 4125 sicut

801 4157 951 4221 fieri
988 4158 1168 4221 solet
1202 4178 1358 4223 cum
1404 4160 1570 4239 illis,
1613 4162 1732 4244 qui
1771 4158 2250 4243 purgatorium
2286 4158 2556 4240 ingredi
2590 4159 2704 4222 de-

802 4264 1101 4340 poscunt
1128 4278 1144 4338 ;
1197 4260 1385 4341 prior
1418 4269 1674 4339 autem,
1699 4262 1868 4343 visis
1901 4259 2142 4337 literiS‚
2168 4258 2458 4324 militem
2487 4259 2558 4323 in
2591 4278 2706 4322 cc-
