3108 5059
886 475 1175 538 FLORES
1224 488 1764 538 msroRmRuM.
2140 471 2272 537 257

364 648 616 725 solum,
658 654 739 712 ut
778 656 1103 731 parentes
1140 648 1501 727 visitaret3
1547 647 1689 731 qui,
1733 666 1887 711 cum
1929 643 2267 730 aliquam·
2286 657 2590 758 &auggg-he

362 747 483 811 diu
531 747 609 810 in
649 749 933 828 regione
977 749 1102 813 illa
1153 749 1549 813 demoratus
1595 748 1863 825 fuisset,
1911 747 2125 830 coepit
2173 745 2261 810 ad
2285 765 2513 850 gmffi‘gff
2530 760 2579 800 ot

360 854 664 912 mentem
716 849 1041 914 reducere
1092 848 1309 913 vitam
1352 867 1549 912 suam
1595 848 1768 912 adeo
1819 846 2264 930 flagitiosam,
2493 835 2507 850 ⁰

360 948 549 1030 quod
585 949 672 1012 ab
710 949 885 1032 ipsis
934 949 1298 1013 cunabulis
1354 947 1689 1012 incendiis
1739 964 2012 1029 semper
2052 966 2265 1011 vaca-

361 1055 565 1112 verat
607 1055 679 1112 et
724 1049 1010 1133 rapinis,
1055 1057 1149 1126 et,
1190 1048 1377 1132 quod
1429 1048 1651 1130 magis
1698 1046 2001 1125 dolebat,
2037 1065 2112 1110 se
2156 1067 2262 1112 ec-

360 1146 726 1212 clesiarum
768 1149 981 1213 fuisse
1021 1149 1425 1213 violatorem
1467 1155 1539 1212 et
1577 1167 1804 1212 rerum
1849 1146 2263 1211 ecclesiasti-

359 1267 598 1312 carum
628 1250 1044 1327 invasorem,
1067 1254 1321 1332 praeter
1344 1249 1568 1314 multa
1600 1248 1930 1322 enormia,
1961 1266 2118 1329 quae
2148 1248 2256 1310 in-

359 1347 701 1414 trinsecus
734 1349 1071 1426 latebant,
1119 1357 1431 1432 peccata.
1540 1348 1747 1412 Miles
1793 1348 2011 1430 igitur
2039 1348 2261 1430 poeui-

359 1449 585 1513 tentia
632 1449 883 1514 ductus
940 1450 1029 1513 ad
1084 1450 1484 1533 episcopum
1529 1449 1872 1532 quendam
1921 1447 2108 1511 illius
2157 1467 2256 1511 re-

358 1549 591 1629 gionis
628 1549 945 1628 accessit,
977 1549 1089 1614 cui
1123 1569 1279 1613 cum
1315 1556 1607 1632 peccata
1643 1567 1774 1612 sua
1807 1546 2100 1613 devotus
2133 1567 2262 1630 per

358 1650 669 1714 ordinem
718 1651 1093 1728 retulisset,
1132 1649 1518 1734 increpavit
1561 1668 1718 1713 eum
1765 1649 2076 1729 graviter
2111 1650 2254 1730 epi-

356 1769 633 1833 scopuS,
695 1756 1011 1815 asserens
1058 1749 1264 1814 illum
1326 1750 1530 1813 nimis
1589 1748 1896 1813 divinam
1963 1748 2254 1812 clemen-

354 1851 526 1914 tiam
584 1850 995 1930 offendisse'3
1058 1851 1241 1915 unde
1290 1850 1487 1913 miles
1534 1849 1829 1928 multum
1883 1849 2251 1913 contrista-

355 1956 471 2014 tus
524 1952 680 2016 Deo
731 1949 1145 2034 condignam
1187 1950 1413 2015 facere
1462 1949 1944 2034 poenitentiam
1993 1947 2254 2028 cogita-

256 2116 265 2124 ,
358 2051 485 2116 vit.
591 2051 982 2135 Episcopus
1010 2056 1266 2129 autem,
1300 2057 1381 2115 ut
1404 2049 1670 2134 justum
1705 2049 1836 2112 sibi
1867 2048 2255 2125 videbatur,

356 2150 599 2216 volens
639 2153 703 2216 ei
741 2151 1057 2234 infligere
1090 2151 1598 2234 poenitentiam,
1636 2148 1833 2213 miles
1876 2149 2255 2231 respondit,

358 2255 381 2284 ‘
411 2251 605 2315 Dum
638 2251 895 2334 igitur,
944 2259 1025 2317 ut
1075 2252 1353 2328 asseriS,
1407 2250 1773 2314 Factorem
1829 2269 2058 2314 meum
2111 2252 2254 2313 tam

361 2353 673 2433 graviter
720 2351 1142 2430 offenderim,
1190 2350 1672 2434 poenitentiam
1711 2351 2073 2414 assumam·
2117 2370 2256 2414 om-

358 2453 561 2518 nibus
605 2453 1037 2537 poenitentiis
1085 2452 1505 2535 graviorem,
1548 2458 1644 2527 et,
1689 2456 1768 2514 ut
1811 2458 2255 2534 peccatorum

354 2573 665 2619 meorum
707 2573 977 2635 merear
1023 2552 1493 2617 remissionem
1535 2551 1872 2636 accipere,
1920 2558 2254 2634 purgato-

358 2654 536 2719 rium·
576 2654 802 2720 sancti
846 2653 1133 2718 Patricii
1168 2654 1330 2718 volo
1360 2651 1671 2716 intrare.'
1776 2650 1886 2715 De
1924 2651 2055 2715 hoc
2083 2669 2255 2733 quo-

360 2773 491 2837 que
549 2755 980 2837 purgatorio,
1039 2762 1111 2818 et
1166 2753 1319 2837 ejus
1373 2752 1681 2834 origine,
1715 2751 1902 2833 quod
1946 2751 2260 2833 sequitur

358 2854 643 2920 tradunt
667 2862 941 2919 veteres
968 2853 1278 2919 historiae
1313 2845 1812 2917 Hiberne'nses.

729 3035 830 3097 De
858 3032 1100 3099 ratione
1114 3034 1483 3119 puryatorii
1508 3031 1886 3117 swa-adieci.

460 3156 770 3240 Magnus
811 3150 1219 3235 ¹PatriciuS,
1259 3158 1421 3221 dum
1474 3158 1545 3220 in
1590 3156 1929 3233 Hibernia
1971 3158 2266 3221 verbum·

364 3257 495 3321 Dei
530 3257 943 3340 praedicaret
976 3265 1049 3322 et
1084 3257 1321 3322 multis
1365 3256 1459 3323 ibi
1500 3256 1989 3322 miraculorum
2035 3257 2255 3340 signis

362 3364 783 3449 coruscaret,
837 3358 1163 3437 bestiales
1220 3357 1407 3443 illius
1456 3358 1704 3440 patriae
1761 3357 2072 3427 homines
2123 3363 2256 3421 ter-

360 3477 510 3522 rore
546 3457 989 3521 infernalium
1016 3465 1515 3523 tormentorum
1557 3476 1640 3521 ac
1680 3457 1985 3539 paradisi
2023 3477 2258 3522 amore

364 3558 773 3639 gaudiorum
808 3578 851 3623 a
882 3558 1173 3623 mortuis
1206 3558 1476 3622 studuit
1520 3558 1844 3639 operibus
1889 3578 2254 3637 revocare3

367 3658 481 3723 sed
522 3658 662 3742 ipsi
699 3659 921 3742 plano·
956 3678 1271 3723 sermone
1308 3656 1765 3733 affirmabant,
1805 3675 1880 3719 se
1919 3678 2056 3719 non
2092 3678 2256 3722 con·

364 3775 687 3824 versuros
716 3758 805 3822 ad
833 3758 1209 3836 Christum,
1240 3758 1375 3823 nisi
1402 3757 1681 3823 oculata
1707 3756 1841 3820 fide
1872 3757 2064 3839 prius
2092 3769 2268 3821 con-⁹

368 3860 735 3943 spicerent,
776 3878 933 3942 quae
977 3858 1314 3941 promisit.
1394 3855 1600 3921 Unde
1630 3857 1878 3920 beatus
1909 3854 2261 3921 Patricius

370 3959 528 4024 dum
561 3979 691 4042 pro
724 3958 952 4023 salute
983 3958 1225 4043 populi
1257 3959 1329 4022 in
1360 3957 1673 4043 jejuniiS‚
1704 3955 1962 4039 vig-iliis
2005 3963 2076 4021 et
2103 3950 2260 4023 ora-

366 4060 667 4127 tionibus
729 4060 1001 4143 positus
1069 4059 1443 4124 Dominum
1509 4052 1922 4141 precaretur
1969 4078 2267 4142 propen-

453 4295 471 4327 ¹
495 4296 797 4360 Patricium]
827 4296 1073 4359 Compare
1095 4295 1214 4345 Act.
1240 4293 1330 4343 SS.
1352 4307 1512 4343 mens.
1538 4292 1696 4344 Mart.
1718 4298 1836 4343 tom.
1861 4294 1916 4342 ii.
1940 4294 2036 4344 col.
2061 4298 2174 4344 589.

360 4381 367 4387 ’
468 4389 623 4439 von.
662 4389 744 4437 11.
1930 4383 1966 4429 s
