3108 5059
455 696 566 737 Aa).
589 698 699 737 108⁵.

454 1295 547 1335 The
563 1306 634 1336 see
649 1296 699 1335 of

454 1346 708 1386 Dor-chester

458 1397 715 1437 transferred

457 1450 502 1486 to
511 1448 704 1488 Lincoln.

456 3403 568 3446 A-D.
590 3402 703 3442 1086.

773 499 863 563 24
1271 514 1544 563 nocem
1594 516 1688 561 nn
1736 514 2151 565 wnNnovsa

768 674 1108 758 jugabat3
1157 672 1351 756 pacis
1388 677 1621 735 autem
1669 680 1907 738 tantus
1943 678 2214 737 amator
2255 681 2430 763 erat,
2466 668 2687 757 ¹quod

779 773 1013 859 puella
1065 771 1302 855 [auro]
1349 778 1607 837 onusta
1649 774 1928 856 impune
1967 781 2205 856 posset
2239 779 2460 839 totam
2495 776 2686 857 [per-

780 872 1108 959 transire]
1148 871 1502 955 Angliam.

957 1046 1372 1132 Episcopatus
1399 1047 1921 1111 Dorkecestrertsis
1952 1040 2077 1111 ²ad
2100 1046 2502 1113 Lincobniam

1050 1168 1066 1181 ·
1529 1148 1932 1232 transfertur.

886 1270 1054 1335 Rex.
1069 1271 1490 1348 willelmus,
1521 1271 1734 1353 paulo
1768 1279 1955 1351 ante,
1985 1271 2309 1356 Remigio
2338 1272 2687 1337 Fiscamni

781 1372 1120 1438 monacho
1164 1372 1449 1435 dederat
1480 1371 1992 1437 Dorkecestriae
2028 1374 2520 1455 praesulatum3
2568 1372 2689 1436 sed

782 1473 1110 1555 episcopo
1151 1471 1355 1536 valde
1399 1472 1756 1555 displicuit
1801 1474 1986 1556 quod
2031 1475 2197 1537 urbs
2248 1474 2371 1537 illa
2417 1473 2689 1537 modica

783 1579 958 1649 erat,
990 1592 1149 1636 cum
1182 1572 1253 1635 in
1288 1573 1528 1636 eodem
1572 1572 1979 1655 episcopatu
2012 1573 2260 1638 civitas
2302 1573 2685 1640 Lincolniae

784 1673 933 1735 sedi
977 1672 1355 1755 episcopali
1394 1672 1668 1755 dignior
1706 1673 2077 1738 videretur.
2184 1674 2516 1738 Mercatis
2554 1674 2688 1755 igi-

786 1780 904 1835 tur
964 1772 1036 1835 in
1099 1772 1254 1855 ipso
1314 1774 1571 1837 montis
1633 1773 1893 1837 vertice
1963 1774 2267 1856 praediiS,
2328 1773 2692 1838 ecclesiam

785 1872 1039 1937 ibidem
1101 1872 1540 1953 construxit3
1605 1880 1678 1936 et
1735 1873 1898 1937 licet
1942 1874 2399 1939 Eboracensis
2462 1873 2689 1938 ar'chi-

787 1973 1151 2056 episcopus
1200 1973 1431 2037 locum
1475 1980 1546 2036 et
1586 1973 1942 2047 civitatem
1986 1976 2076 2039 ad
2116 1994 2315 2038 suam
2361 1975 2689 2039 diocesim

787 2080 1128 2137 assereret
1186 2073 1554 2155 pertinere,
1622 2075 2053 2139 assertiones⁴
2108 2075 2259 2159 ejus
2326 2073 2689 2156 Remigius

787 2171 1290 2255 parvipendens
1338 2192 1512 2255 opus
1558 2173 1957 2238 inchoatum
2000 2195 2141 2240 non
2180 2175 2489 2257 segniter
2531 2195 2690 2258 per-

785 2273 954 2354 egit,
1024 2279 1482 2355 paratumque
1541 2272 1810 2338 clericis
1878 2275 2194 2339 doctrina
2253 2280 2325 2339 et
2381 2277 2690 2339 moribus

784 2371 1290 2454 probatissimis
1360 2373 1739 2438 decoravit.
1845 2374 2018 2438 Erat
2079 2376 2350 2458 quidem
2418 2382 2692 2440 statura

785 2492 1045 2555 parvus
1105 2473 1226 2537 sed
1288 2472 1492 2538 corde
1571 2493 1889 2556 magum,
1951 2475 2180 2540 colore
2256 2476 2494 2541 fuscus
2569 2480 2691 2544 sed

781 2575 1108 2656 operibus
1140 2572 1442 2655 nitidus;
1491 2574 1577 2638 de
1604 2576 1797 2657 regia
1830 2596 2104 2660 quoque
2135 2578 2523 2660 proditione
2557 2579 2693 2646 fuit

781 2674 1160 2757 aliquando
1213 2680 1605 2750 accusatuS,
1674 2675 1795 2739 sed
1846 2675 2127 2758 quidam
2177 2678 2478 2743 famulus
2536 2681 2689 2765 ejus

781 2762 1298 2858 igniti³judicio
1328 2773 1488 2846 ferri
1517 2775 1867 2839 dominum
1897 2797 2231 2860 purgans,
2256 2781 2448 2861 regio
2477 2783 2697 2849 amori

785 2875 1114 2951 restituit,
1144 2881 1215 2938 et
1246 2875 1590 2938 maculam
1623 2876 1939 2941 dedecori
1970 2879 2351 2960 pontificali
2382 2879 2691 2947 detersit.

787 2972 948 3037 Hoc
994 2982 1302 3050 auctore,
1334 2973 1464 3038 hoc
1508 2982 1844 3058 tempore,
1876 2977 1983 3041 his
2013 2978 2099 3042 de
2142 2982 2373 3044 causis
2417 2982 2695 3066 incepta

785 3079 892 3138 est
926 3075 1219 3139 ecclesia
1248 3074 1577 3140 moderna
1609 3075 2127 3142 LincolniensiS.

1075 3249 1210 3316 Rem
1254 3250 1599 3318 Willelmus
1628 3253 1749 3319 duo
1785 3253 2052 3322 caenobia
2066 3257 2400 3340 fundavit.

881 3373 1088 3439 Anno
1120 3376 1404 3440 Domini
1440 3394 1821 3442 MLxxxvl.
1846 3381 2069 3444 nimia
2101 3401 2437 3466 aquarum
2488 3386 2692 3451 inun-

847 3572 863 3609 1
903 3576 1043 3630 Quod
1091 3578 1253 3640 puella
1303 3593 1423 3626 auro
1475 3579 1704 3642 θηκαίῳ]
1760 3580 1844 3629 the
1867 3581 2161 3642 Domesday
2178 3596 2382 3644 surrey,
2405 3587 2689 3648 completed

773 3645 881 3698 The
915 3661 1052 3698 same
1083 3647 1128 3696 is
1160 3649 1268 3696 also
1303 3649 1416 3701 said
1450 3649 1621 3698 before
1656 3647 1714 3698 of
1758 3651 1812 3699 in
1837 3655 1983 3713 108⁷,
2006 3651 2216 3704 Lincoln
2237 3653 2283 3702 is
2316 3654 2511 3718 spoken
2543 3657 2602 3706 of
2628 3674 2688 3708 as

774 3715 860 3764 the
902 3717 1050 3766 times
1093 3717 1152 3766 of
1189 3718 1445 3780 Eadwini,
1481 3719 1609 3782 king
1653 3719 1713 3768 of
1758 3736 1791 3769 a
1812 3722 1935 3782 city,
1967 3722 1984 3749 ‘
2002 3722 2055 3770 in
2078 3737 2182 3783 qua
2212 3737 2347 3772 nunc
2380 3731 2459 3774 est
2490 3728 2689 3789 episco-

775 3786 1168 3848 Northumbria3
1215 3789 1230 3816 ‘
1249 3803 1428 3850 pacem
1461 3790 1613 3838 talem
1651 3789 1704 3838 in
1756 3792 1946 3852 patus!
2017 3793 2256 3841 Bromton
2278 3793 2371 3842 has
2393 3796 2576 3856 placed
2597 3800 2685 3850 the

775 3857 1042 3907 Britannia
1059 3859 1368 3918 temporibus
1382 3860 1491 3908 suis
1508 3859 1705 3922 statuit,
1755 3862 2051 3912 translation
2074 3862 2127 3910 in
2146 3866 2291 3924 1088,
2314 3865 2414 3912 and
2432 3867 2515 3916 the
2528 3869 2688 3918 Scoti-

774 3931 834 3975 ut
869 3927 1051 3976 mulier
1087 3933 1269 3978 onusta
1301 3944 1427 3979 auro
1461 3944 1577 3978 cum
1610 3945 1703 3990 pu·
1756 3931 2023 3982 chronicon
2069 3933 2122 3980 in
2159 3937 2304 3996 1092,
2335 3934 2419 3983 the
2468 3952 2592 3999 year
2634 3941 2694 3989 of

774 4011 861 4044 ero
903 3999 1134 4058 parvulo,
1155 4027 1160 4031 -
1178 3999 1488 4060 ubicumque
1535 4000 1705 4061 vellet,
1756 4001 1840 4050 the
1862 4002 2015 4051 death
2036 4002 2094 4051 of
2110 4003 2393 4066 Remigius.

773 4066 847 4118 ire
865 4072 1036 4127 posset
1048 4067 1298 4116 indemnis
1309 4063 1339 4127 3’
1356 4070 1501 4119 vol.i.
1517 4086 1569 4131 p.
1591 4074 1702 4120 128.
1826 4069 1847 4100 ³
1868 4072 2032 4134 Igniti
2062 4073 2253 4132 judicio
2281 4074 2461 4140 ferri]
2535 4078 2683 4130 From

843 4133 960 4184 ²Ad
1004 4137 1306 4186 Lincolniam
1349 4139 1705 4202 transfertur.]
1758 4141 1935 4203 Henry
1958 4143 2311 4206 Huntingdon.
2386 4147 2484 4196 For
2504 4163 2569 4197 an
2603 4167 2689 4202 ac.

774 4204 824 4252 It
859 4206 904 4254 is
943 4208 1204 4256 uncertain
1240 4212 1293 4256 at
1330 4208 1470 4258 what
1509 4211 1704 4270 precise
1757 4217 1910 4260 count
1940 4213 1998 4261 os
2024 4213 2125 4262 this
2148 4215 2270 4262 kind
2294 4214 2352 4263 of
2380 4218 2571 4279 ordeal,
2601 4237 2686 4272 see

773 4275 948 4335 period
993 4278 1077 4326 the
1119 4279 1335 4330 removal
1383 4278 1442 4328 of
1490 4279 1575 4328 the
1620 4295 1705 4329 see
1758 4282 2012 4345 Spelman,
2048 4283 2220 4335 GlosS.
2270 4285 2355 4334 ad.
2385 4303 2485 4338 voc.
2520 4291 2692 4344 Orda.

771 4344 898 4394 from
921 4347 1228 4398 Dor-chester
1260 4349 1378 4398 took
1401 4349 1565 4411 place.
1642 4351 1704 4398 In
1757 4351 1885 4403 lius.
