3108 5059
545 676 657 718 Am.
679 677 798 718 110⁰.

549 967 746 1007 Portenta
755 977 851 1017 pre-

548 1017 700 1066 cedlng
713 1019 789 1058 the

550 1067 677 1106 death
695 1067 744 1106 of

551 1117 738 1156 William

549 1167 709 1207 Rufus.

867 487 998 554 158
1380 507 1653 556 nocam
1700 509 1795 556 ns
1838 509 2254 558 wunnovssa

870 681 1029 727 cum
1063 665 1349 746 sagitta,
1385 683 1591 729 cervo
1624 663 2012 742 intendens,
2058 665 2318 730 inscius
2350 661 2595 746 regem'
2620 681 2781 747 per-⁴

871 763 1114 827 cussit.
1218 763 1380 828 Rex
1433 770 1668 828 autem
1710 765 1784 828 in
1838 763 2045 830 corde
2095 783 2467 848 percussus
2511 765 2777 828 corruit

872 863 947 925 in
979 869 1236 927 terram
1283 882 1410 928 nec
1437 863 1724 928 verbum
1754 862 1991 942 edidit,
2020 866 2143 928 sed
2178 865 2396 929 vitam
2428 862 2777 928 crudelem

874 961 1013 1026 fine
1039 963 1291 1027 misero
1318 963 1738 1028 terminavit.
1796 964 1973 1048 Ejus
1991 983 2267 1048 quoque
2288 971 2577 1028 mortem
2600 957 2778 1044 ¹sig-

873 1081 968 1125 na
1013 1063 1312 1145 plurima
1347 1070 1873 1146 praevenerunt3
1922 1081 2085 1127 nam
2132 1064 2313 1128 idem
2357 1083 2507 1140 rex,
2552 1063 2775 1146 pridie

873 1168 1036 1226 ante
1097 1181 1332 1227 necem
1393 1182 1613 1240 suam,
1669 1161 1845 1227 vidit
1895 1183 2021 1245 per
2070 1182 2387 1227 somnum
2438 1182 2591 1227 sese
2650 1162 2778 1225 fle-

875 1260 1200 1327 botomiae
1264 1263 1408 1327 ictu
1471 1263 1880 1344 sanguinem
1942 1264 2279 1340 emittere,
2364 1270 2436 1326 et
2502 1260 2775 1325 radium

873 1361 1138 1426 cruoris
1201 1363 1274 1425 in
1336 1363 1583 1426 caelum
1642 1381 1865 1444 usque
1934 1369 2296 1427 extentum
2366 1362 2589 1426 lucem
2651 1363 2775 1426 ob-

873 1462 1187 1525 nubilare
1231 1467 1303 1526 et
1348 1459 1483 1526 diei
1526 1461 1971 1545 interpellare
2011 1463 2429 1541 claritatem;
2483 1481 2611 1526 rex
2647 1481 2773 1525 au-

874 1567 1038 1638 tem,
1085 1568 1332 1625 sancta
1377 1561 1611 1626 Maria
1642 1561 1970 1628 invocata
2019 1569 2091 1626 et
2130 1581 2372 1627 somno
2412 1580 2774 1639 excussus,

873 1660 1106 1724 lumen
1136 1661 1372 1725 inferri
1415 1661 1771 1745 praecepit,
1810 1669 1881 1726 et
1919 1662 2375 1726 cubicularios
2424 1681 2469 1726 a
2511 1680 2589 1725 se
2632 1662 2777 1725 dis-

875 1758 1119 1824 cedere
1163 1779 1303 1825 non
1340 1762 1745 1843 permittens
1784 1760 2132 1825 residuum
2168 1763 2395 1826 noctis
2439 1761 2775 1826 insomnis

875 1861 1164 1942 peregit.
1213 1859 1430 1924 Mane
1451 1879 1641 1938 vero,
1665 1879 1821 1924 cum
1855 1880 2108 1926 aurora
2138 1861 2508 1939 illuxisset,
2538 1881 2777 1925 mona-

877 1960 1047 2022 chus
1078 1959 1360 2042 quidam
1389 1960 1919 2038 transmarinuS,
1950 1961 2071 2045 qui
2104 1980 2231 2044 pro
2278 1961 2591 2025 ecclesiae
2626 1979 2773 2025 suae

879 2060 1178 2140 negotiis
1227 2061 1413 2142 regis
1467 2061 1732 2124 curiam
1776 2063 2219 2144 sequebatur,
2266 2061 2579 2126 Roberto
2628 2060 2775 2125 filio

880 2157 1252 2238 HamoniS,
1285 2161 1436 2223 viro
1464 2160 1737 2243 potenti
1772 2167 1843 2225 et
1874 2161 2025 2243 regi
2058 2160 2408 2239 familiari,
2435 2161 2777 2224 somnium

879 2259 1142 2336 retulit,
1205 2260 1392 2342 quod
1441 2267 1645 2324 nocte
1690 2259 1929 2323 eadem
1976 2261 2250 2324 viderat
2292 2261 2657 2324 mirificum
2708 2267 2779 2324 et

879 2356 1340 2438 horrendum3
1400 2358 1579 2423 vidit
1636 2359 1820 2422 enim
1879 2380 2003 2443 per
2052 2380 2366 2424 somnum
2423 2377 2657 2442 regem
2702 2361 2775 2423 in

880 2455 1228 2541 quandam
1262 2457 1495 2523 venire
1545 2459 1931 2538 ecclesiam,
1976 2467 2316 2543 gestuque
2360 2462 2663 2543 superbo
2708 2467 2780 2523 et

879 2558 1228 2636 insolenti,
1291 2562 1372 2623 iit
1435 2559 1728 2636 solebat,
1794 2560 2009 2642 coepit
2068 2561 2417 2644 despicere
2483 2562 2772 2625 circum-

879 2664 1172 2736 stanteS,
1237 2658 1358 2721 ubi
1408 2658 1817 2722 crucifixum
1878 2660 2199 2724 dentibus
2254 2660 2777 2743 apprehendens

879 2758 1164 2822 brachia
1203 2758 1392 2822 illius
1437 2760 1731 2823 corrosit
1766 2765 1839 2822 et
1878 2778 2082 2823 crura
2130 2780 2329 2842 paene
2379 2760 2773 2838 truncavit3

881 2858 1067 2940 quod
1115 2858 1486 2921 crucifixus
1549 2878 1706 2923 cum
1758 2859 1879 2921 diu
1928 2860 2316 2937 tolerasset,
2368 2880 2600 2942 regem
2660 2860 2775 2923 de-

881 2974 1072 3019 mum
1103 2954 1353 3022 dextro
1387 2958 1561 3040 pede
1594 2960 1697 3022 ita
1729 2956 2017 3041 depulit,
2046 2966 2127 3023 ut
2160 2960 2434 3023 caderet
2466 2961 2539 3023 in
2578 2960 2775 3042 pavi-

881 3064 1188 3121 mentum
1221 3058 1539 3140 supinuS,
1587 3066 1659 3122 et
1691 3077 1783 3122 ex
1814 3078 1932 3122 ore
1952 3058 2252 3142 jacentis
2282 3066 2551 3124 tantam
2582 3061 2773 3123 exire

879 3156 1226 3221 flammam
1260 3158 1626 3240 conspexit
1672 3166 1743 3222 et
1787 3160 1889 3222 ita
1928 3158 2269 3236 diffusam,
2314 3166 2394 3223 ut
2436 3160 2776 3223 fumorum

879 3258 1156 3335 nebula,
1207 3259 1407 3339 quasi
1458 3257 1671 3322 chaos
1716 3276 2068 3340 magnum,
2123 3278 2343 3341 usque
2404 3259 2490 3323 ad
2547 3260 2778 3324 sidera

877 3358 1206 3422 volitaret
1253 3364 1324 3421 et
1362 3356 1795 3437 obfuscaret3
1861 3358 2040 3421 hanc
2067 3359 2400 3423 visionem
2433 3379 2589 3422 cum
2628 3360 2777 3424 Ro-

877 3454 1114 3520 bertus
1148 3454 1298 3537 regi
1331 3455 1704 3535 retulisset,
1748 3456 2120 3522 cachinnos
2173 3460 2608 3540 ingeminans
2654 3460 2777 3537 ait,

879 3555 1296 3620 ‘Monachus
1319 3556 1472 3632 est:
1489 3556 1741 3639 inquit,
1754 3562 1774 3591 ‘
1786 3564 1857 3621 et
1874 3558 2050 3623 lucri
2069 3576 2281 3621 causa
2300 3557 2777 3622 monachiliter

878 3656 1292 3735 somniavit3
1340 3652 1432 3718 da
1461 3656 1524 3719 ei
1564 3663 1841 3720 centum
1876 3657 2159 3735 solidos,
2194 3678 2283 3721 ne
2313 3658 2634 3723 videatur
2671 3660 2781 3721 in-

879 3756 1103 3821 aniter
1133 3755 1564 3820 somniasse.’
1636 3748 1848 3839 ²Ejus
1880 3765 2219 3840 praeterea
2252 3764 2542 3822 mortem
2575 3758 2780 3821 mise-

878 3874 1051 3935 ram,
1082 3864 1162 3921 ut
1191 3855 1602 3939 praedictum
1632 3863 1763 3934 est,
1786 3858 2073 3939 sanguis
2106 3858 2192 3922 de
2224 3865 2411 3922 terra
2443 3857 2779 3922 ebulliens

946 4084 964 4115 ¹
979 4086 1143 4150 Signa
1160 4088 1420 4152 plurima]
1455 4089 1706 4152 Compare
1722 4090 1807 4140 the
1860 4090 1979 4141 here
2022 4092 2242 4141 inserted
2280 4092 2490 4142 another
2522 4093 2695 4142 dream
2730 4094 2789 4143 of

877 4162 1093 4206 account
1132 4157 1393 4221 following
1429 4160 1559 4209 with
1595 4160 1809 4210 Malms·
1856 4161 1943 4219 the,
1971 4162 2117 4225 king,
2150 4162 2251 4212 and
2284 4177 2421 4212 some
2456 4163 2599 4213 other
2630 4165 2783 4225 parti-

880 4226 1032 4289 bury,
1054 4224 1080 4292 ξ
1103 4230 1218 4291 832,
1238 4243 1336 4293 seq.
1856 4232 2025 4281 culars
2072 4232 2360 4294 respecting
2402 4232 2484 4282 his
2526 4233 2699 4294 death,
2730 4234 2786 4283 of

951 4293 1170 4361 'Effusd
1219 4298 1471 4349 Matthew
1509 4300 1664 4351 Paris
1711 4302 1805 4351 has
1854 4315 1887 4350 a
1910 4302 2104 4352 similar
2123 4302 2402 4365 character,
2422 4319 2475 4365 p.
2500 4306 2584 4354 45.
