3108 5059
879 476 1160 526 nonus
1205 477 1743 527 ms'ronmuuu.
2177 464 2265 527 47

479 658 626 778 *Rem
669 714 1020 781 Willelmws
1047 713 1125 779 ab
1155 714 1446 781 Anselmo
1478 713 1649 779 mille
1675 712 1879 821 libras
1903 716 2117 802 eoeeyit.

457 838 623 904 Hoc
671 841 968 925 denique
1013 849 1326 923 tempore
1375 861 1503 905 rex
1544 838 1936 921 Anglorum
1987 841 2262 907 Willel·
2288 863 2401 903 Am.
2421 863 2534 902 1094.

353 958 510 1003 mus
547 934 568 971 ¹
583 939 1018 1019 Anselmum,
1048 940 1621 1006 cantuariensem
1650 941 2266 1025 archiepiscopum,

352 1039 856 1106 circumvenire
903 1042 1263 1120 affectanS,
1309 1041 1498 1105 mille
1545 1042 1760 1105 libras
1816 1044 2089 1123 argenti
2133 1044 2267 1107 sibi

355 1138 508 1206 dari
553 1142 932 1207 instantius
975 1145 1066 1207 ab
1100 1162 1184 1207 eo
1213 1142 1656 1225 postulabat;
1704 1142 2060 1223 allegabat
2084 1143 2265 1209 enim

358 1246 442 1305 ut
495 1241 630 1305 sibi
691 1242 1064 1307 videbatur
1116 1261 1399 1307 causam
1451 1242 1915 1325 justissimam
1971 1254 2062 1306 ex
2109 1243 2263 1321 hoc,

357 1342 550 1422 quod
576 1344 798 1424 gratis
829 1344 906 1407 in
937 1342 1372 1426 promotione
1401 1361 1533 1405 sua
1563 1349 1959 1425 promptum
1990 1346 2265 1425 praebu—

355 1440 529 1505 isset
566 1461 950 1507 assensum.
1053 1442 1641 1525 Archiepiscopus
1672 1460 1839 1509 vero
1883 1463 2009 1526 pro
2056 1444 2264 1506 indif-

357 1540 612 1605 ferenti
643 1542 928 1621 habenS,
959 1550 1122 1607 ante
1151 1544 1654 1627 promotionem
1686 1543 1800 1607 vel
1839 1550 2023 1625 post,
2053 1544 2265 1607 talem

358 1642 448 1705 ob
479 1661 768 1707 causam
803 1662 1167 1707 numerare
1210 1644 1598 1726 pecuniam,
1650 1644 1805 1726 pari
1848 1662 2061 1726 poena
2102 1643 2269 1707 feri-

357 1741 616 1806 endum
669 1743 1138 1807 arbitrabatur
1183 1750 1595 1827 utrumque3
1642 1743 1765 1807 sed
1815 1743 1981 1825 quia
2024 1762 2267 1808 saccos

357 1843 570 1924 re'giS,
616 1844 688 1907 ni
733 1844 905 1908 laesa
953 1842 1400 1920 conscientia,
1446 1843 1733 1927 implere
1777 1862 1915 1907 non
1965 1851 2266 1925 poterat,

359 1942 575 2025 elegit
600 1944 836 2026 potius
879 1945 1066 2026 regis
1099 1942 1643 2027 indignationem
1673 1943 2022 2008 incurrere
2058 1963 2269 2027 quam

355 2043 794 2126 dispendium
818 2044 1024 2109 famae
1075 2051 1148 2109 et
1172 2044 1554 2129 periculum
1582 2045 1654 2107 in
1682 2062 1990 2126 praesens
2018 2045 2267 2107 animae

357 2143 560 2221 inire,
611 2146 788 2209 etin
814 2153 1170 2228 posterum
1218 2144 1693 2209 confusionem
1744 2151 1815 2208 et
1862 2144 2269 2209 scandalum

358 2242 432 2306 in
463 2243 606 2308 Dei
653 2246 948 2309 ecclesia
975 2246 1356 2325 seminare;
1403 2244 1550 2323 sed,
1596 2244 1685 2308 ad
1732 2263 1936 2309 suum
1970 2243 2269 2309 officium

349 2344 568 2428 juxta
629 2364 892 2410 morem
943 2346 1253 2417 ecclesiae
1311 2345 1583 2428 plenius
1634 2344 2173 2427 exsequendum,
2228 2363 2272 2408 a

359 2464 524 2526 rege
567 2445 921 2511 licentiam
974 2446 1179 2529 petiit
1225 2444 1524 2509 adeundi
1568 2465 1695 2527 pro
1748 2445 1962 2528 pallio
2012 2464 2269 2528 papam

361 2545 750 2611 Urbanum.
856 2546 1020 2611 Rex
1053 2548 1315 2629 itaque,
1344 2566 1530 2630 papa
1570 2547 1952 2624 nominato,
1981 2547 2089 2610 ira
2122 2559 2267 2610 sta-

357 2646 482 2710 tim
517 2647 912 2711 vehementi
966 2647 1347 2725 incanduit,
1393 2648 1560 2729 quia
1592 2653 1759 2710 tunc
1794 2647 2125 2729 temporis
2158 2666 2267 2710 ec·
2292 2661 2495 2712 Disputee
2519 2663 2591 2701 be·

2290 2716 2429 2752 tween
2448 2713 2543 2763 the,

357 2747 573 2811 clesia
601 2747 924 2812 Romana
968 2748 1044 2811 in
1086 2748 1460 2811 schismate
1491 2747 1879 2824 laborabat,
1924 2747 2267 2824 wiberto,
2290 2774 2396 2813 pope
2412 2763 2497 2802 and

359 2846 812 2912 Ravennensi
860 2848 1406 2932 archiepiscopo,
1440 2867 1565 2930 per
1594 2848 1997 2912 violentiam
2050 2847 2267 2930 impe-

360 2948 615 3011 ratoris
674 2948 966 3013 Henrici
1027 2949 1102 3012 in
1162 2956 1498 3032 papatum
1566 2948 1769 3012 nimis
1826 2947 2267 3030 impudenter

355 3047 669 3128 intruso;
728 3048 908 3112 dixit
953 3049 1134 3112 enim
1191 3049 1571 3131 imperator
1608 3067 1809 3111 suum
1860 3067 2012 3111 esse
2064 3067 2267 3129 quem

360 3148 573 3214 vellet
617 3167 874 3231 papam
920 3147 1199 3235 eligere,
1234 3168 1360 3212 nec
1407 3154 1559 3212 erat
1603 3147 1887 3212 alterius
1940 3147 2269 3230 apostoli-

358 3267 518 3312 cum
571 3248 782 3312 etiam
833 3250 1211 3313 nominare.
1313 3249 1504 3331 Ergo
1562 3269 1690 3313 rex
1720 3248 2117 3313 Willelmus
2162 3247 2266 3310 al-

357 3348 627 3431 legavit
667 3368 712 3412 a
762 3349 995 3427 simili,
1044 3349 1230 3431 quod
1276 3348 1512 3413 nullus
1564 3348 2123 3430 archiepiscopus
2156 3347 2267 3412 vel

359 3448 729 3534 episcopus
761 3448 848 3512 de
877 3469 1092 3532 regno
1145 3469 1272 3513 suo
1305 3449 1395 3512 ad
1429 3449 1693 3513 curiam
1730 3448 2123 3513 Romanam
2156 3448 2268 3512 vel

359 3549 448 3613 ad
482 3569 740 3632 papam
789 3549 1078 3614 haberet
1107 3556 1519 3633 respectum,
1554 3550 1903 3633 praecipue
1930 3569 2087 3613 cum
2118 3550 2269 3631 ipse

359 3669 600 3714 omnes
647 3651 1007 3714 libertates
1052 3649 1340 3714 haberet
1371 3651 1444 3714 in
1477 3670 1695 3733 regno
1730 3668 1881 3726 suo,
1921 3668 2096 3732 quas
2139 3651 2268 3712 im-

360 3757 646 3832 perator
678 3750 1080 3816 vindicabat
1112 3751 1182 3814 in
1219 3749 1532 3834 imperio.
1641 3748 2010 3816 Anselmus
2053 3749 2271 3831 igitur

362 3852 451 3916 ob
479 3851 660 3915 hanc
694 3870 842 3914 rem
873 3870 918 3914 a
939 3870 1105 3932 rege
1131 3856 1402 3915 tractus
1433 3851 1509 3915 in
1535 3869 1819 3914 causam
1848 3849 2166 3932 arguitur
2190 3855 2271 3913 ut

430 4082 448 4116 ¹
470 4079 804 4152 Ausetanum]
832 4083 1085 4147 compare
1101 4085 1187 4134 th'e
1203 4085 1296 4135 fol·
1347 4085 1741 4135 Sarisbiriensis.
1814 4085 2135 4147 Malmsbury
2164 4087 2274 4136 also

362 4154 551 4219 lowing
589 4159 812 4206 account
847 4155 906 4204 of
933 4157 1164 4218 Anselm,
1197 4157 1296 4205 and
1347 4156 1536 4218 speaks
1576 4155 1635 4204 of
1663 4156 1749 4204 the
1781 4155 2091 4218 disgraceful
2122 4161 2278 4206 treat-

366 4225 446 4276 his
465 4227 738 4289 expulsion
753 4225 885 4275 from
902 4227 1159 4290 England,
1172 4227 1297 4277 with
1349 4231 1486 4275 ment
1498 4227 1557 4276 of
1564 4225 1670 4274 him
1684 4241 1821 4288 upon
1835 4226 1916 4276 his
1931 4227 2278 4277 embarkation

367 4296 444 4346 his
477 4297 566 4348 life
603 4297 677 4359 by
701 4296 926 4346 Eadmer
953 4298 1055 4347 and
1076 4297 1302 4348 Joannes
1350 4301 1406 4346 at
1427 4298 1618 4359 Dover,
1639 4294 1664 4362 §
1688 4300 1800 4347 315.

2290 2823 2495 2864 emperor.
