3108 5059
841 475 1121 525 rnomzs
1168 474 1712 525 nisi-ommium,
2098 456 2232 521 415

327 635 687 700 obedirent
734 634 1040 698 omnium
1114 633 1426 716 gentium
1482 633 1832 711 'nationeS,
1889 633 2226 717 adjiciens
2253 653 2363 694 Aa).
2385 654 2499 694 1184.
2553 680 2558 685 .

326 755 495 817 ergo
561 742 643 799 ut
698 735 1091 799 universam
1140 734 1275 798 sibi
1332 732 1928 798 Christianitatem
1988 734 2232 817 subju·

332 842 557 917 garet,
612 834 919 900 intrante
963 833 1010 898 J
1016 835 1158 898 ulio
1212 852 1472 910 mense,
1535 832 1583 897 J
1589 834 1917 898 ordanem
1975 834 2228 898 transi-

331 936 460 1012 vit,
500 941 755 999 terram
814 935 999 999 circa
1050 941 1355 998 castrum
1404 932 1655 1010 Crach,
1703 934 1889 1017 quod
1937 935 2230 1017 antiqua

322 1035 802 1117 appellatione
836 1040 858 1069 ‘
881 1035 1097 1098 Petra
1138 1034 1395 1099 deserti
1415 1034 1433 1061 ⁹
1471 1033 1859 1111 dicebatur,
1901 1033 2230 1097 devasta-

332 1136 461 1211 vit,
491 1135 755 1198 cibaria
786 1134 1092 1217 collegit.
1174 1132 1454 1221 Deinde·
1478 1132 1851 1215 Neapolim
1884 1134 2227 1198 transiens

336 1235 575 1299 villam
633 1234 968 1318 spoliavit
1034 1240 1105 1298 et
1164 1240 1413 1316 postea
1472 1233 1985 1313 concremavit3
2066 1231 2228 1297 inde

333 1334 780 1418 progrediens
837 1334 925 1398 ad
967 1335 1210 1398 urbem
1254 1332 1680 1397 Sebastaeam
1723 1334 2063 1415 pervenit,
2108 1334 2230 1397 ubi

330 1435 698 1518 episcopus
742 1433 1047 1499 civitatis
1076 1433 1314 1498 villam
1358 1440 1431 1497 et
1460 1432 1822 1498 ecclesiam
1865 1452 2065 1498 suam
2104 1434 2227 1498 >'oc-
2322 1483 2328 1489 .

334 1535 609 1617 tog-inta
652 1534 950 1618 captivis
994 1534 1323 1612 redemit;
1378 1533 1538 1597 inde
1569 1531 1906 1597 Arabiam
1942 1534 2238 1599 veniens.

333 1654 484 1699 eam
516 1634 883 1711 destruxit,
920 1634 1085 1699 viris
1114 1640 1187 1698 et
1214 1633 1615 1697 mulieribus
1645 1633 2046 1717 captivatis·
2113 1632 2230 1698 Ad

331 1754 655 1817 magnum
692 1734 852 1799 inde
882 1733 1220 1799 Gerinum
1255 1733 1602 1797 transiens
1647 1739 1953 1798 castrum
1996 1734 2232 1811 diruit,

336 1841 431 1911 et,
482 1834 895 1918 quibusdam
948 1834 1345 1918 captivatiS,
1393 1833 1716 1897 mulieres
1773 1839 1846 1898 et
1901 1833 2232 1917 parvulos

334 1934 722 2016 interfecit3
782 1935 943 1998 inde
998 1934 1087 1999 ad
1135 1953 1426 2017 parvum
1471 1931 1831 2011 Gerinum,
1875 1953 2034 2015 quae
2064 1933 2234 1998 villa

335 2041 445 2100 est
498 2035 761 2118 templi,
816 2055 971 2099 eam
1019 2034 1350 2111 vastavit,
1400 2041 1473 2097 et
1526 2034 1854 2098 recedens
1902 2054 2028 2117 per
2077 2053 2232 2097 cas-

330 2142 516 2199 trum
560 2135 906 2218 quoddam
954 2134 1323 2218 hospitale,
1369 2134 1557 2216 quod
1613 2133 2008 2199 Belverium
2060 2134 2245 2201 dici--

332 2242 473 2311 tur,
521 2236 933 2318 quibusdam
980 2235 1205 2318 captis
1258 2240 1331 2299 et
1362 2234 1782 2317 quibusdam
1823 2234 2230 2312 interfectis),

332 2336 642 2401 recessit.
2042 2358 2044 2363 ·

336 2510 515 2594 Quod
540 2533 649 2576 rem
664 2510 1016 2600 Anqlorum
1034 2510 1291 2599 eliyitur
1318 2510 1389 2576 in
1418 2531 1615 2597 roffam
1636 2508 1720 2572 H
1717 2504 2238 2592 ierosolymam.

436 2637 724 2703 Mortuo
752 2639 1020 2704 interea
1051 2636 1481 2714 Baldewino,
1515 2655 1683 2718 rege
1713 2633 2242 2718 Hierosolyma-.
2258 2661 2398 2702 naath
2415 2663 2463 2702 or

334 2758 490 2803 rum
531 2738 833 2821 leproso,
879 2737 1207 2819 regnavit
1245 2756 1375 2819 pro
1418 2756 1504 2800 eo
1548 2735 2017 2812 BaldewinuS,
2062 2753 2239 2817 puer
2257 2713 2450 2753 ¹³⁸¹dw¹¹¹
2470 2711 2544 2752 w·

334 2838 643 2922 quinque
692 2857 1056 2915 annorum,
1092 2855 1307 2919 nepos
1354 2835 1507 2920 ejus
1550 2855 1644 2898 ex
1689 2854 1926 2900 sorore
1968 2834 2238 2918 Sybilla

334 2947 405 3004 et
434 2937 813 3015 Willelmo,
842 2936 1235 3001 marchione
1267 2935 1869 3012 Montis-Ferrati,
1909 2935 2184 3017 genitus
2214 2955 2233 3014 ;

335 3039 458 3121 qui
494 3038 734 3102 statim
763 3038 836 3100 in
875 3057 1108 3119 regem
1148 3041 1517 3100 coronatus
1553 3035 1972 3110 Reimundo,
1999 3033 2236 3098 comiti
2282 3080 2286 3082 -

336 3138 799 3221 Tripolitano,
853 3136 1309 3202 committitur
1366 3135 1796 3200 nutriendus.
1897 3134 2235 3200 Videntes

337 3240 555 3321 igitur
600 3237 826 3302 clerus
877 3244 951 3303 et
994 3237 1293 3320 populus
1348 3255 1638 3316 regnum
1684 3235 1757 3298 in
1813 3253 1989 3299 eum.
2027 3235 2246 3298 deve--

336 3340 531 3403 nisse.
572 3345 859 3414 statum,
910 3338 985 3401 in
1044 3356 1249 3419 quem
1304 3355 1447 3399 non
1503 3342 1743 3418 posset
1802 3335 1920 3398 diu
1971 3334 2236 3398 subsis-

338 3446 503 3516 tere,
546 3438 711 3521 quid
751 3438 937 3503 facto
978 3455 1155 3520 opus
1202 3437 1319 3513 sit,
1350 3435 1721 3516 diligenter
1765 3441 2234 3517 pertractant;

338 3545 412 3602 et
460 3558 616 3602 cum
658 3557 803 3621 pax
842 3536 1197 3602 Salaadini
1238 3536 1612 3600 haberetur
1651 3541 1998 3618 suspecta,
2036 3541 2108 3598 et
2149 3534 2244 3598 de

336 3658 500 3720 rege
567 3657 781 3720 puero
850 3637 1023 3700 nihil
1094 3637 1381 3700 remedii
1446 3635 1881 3719 sperabatur,
1955 3633 2236 3698 tandem

338 3758 551 3802 unum
594 3745 748 3802 erat
792 3736 1107 3802 omnibus
1153 3735 1538 3812 consilium,
1583 3740 1665 3798 ut
1714 3734 1803 3798 ad
1854 3733 2240 3798 Henricum

340 3858 573 3920 regem
628 3836 1017 3919 Anglorum
1076 3836 1347 3917 legatos
1399 3835 1777 3911 mitterent,
1845 3835 1968 3918 qui
2029 3835 2094 3898 ei
2147 3854 2240 3898 ex

338 3944 538 4021 parte
563 3937 1039 4002 universitatis
1071 3937 1269 4017 regni
1302 3934 1922 4018 Hierosolymitani
1953 3954 2240 4016 regnum

339 4046 410 4104 et
461 4037 695 4102 claves
756 4044 1019 4101 sanctae
1066 4035 1371 4101 civitatis
1430 4041 1502 4099 et
1567 4034 1914 4117 sepulchri
1957 4033 2246 4112 Domini

335 4145 739 4221 sanctaeque
769 4136 1291 4201 resurrectionis
1331 4135 1732 4200 solemniter
1771 4135 2243 4218 deportarent.
