3108 5059
824 483 957 548 438
1334 496 1607 544 noenu
1655 497 1749 544 nn
1796 495 2210 544 wnnnovnn

505 681 617 721 Am.
640 679 750 719 uuo.
828 675 1096 722 cessum
1140 673 1342 720 sunm
1373 675 1392 734 3
1444 653 1648 738 petiit
1694 653 2001 736 insuper,
2043 660 2135 718 nt
2153 652 2200 717 J
2204 651 2519 719 ohannes
2548 653 2735 718 filius

829 758 982 841 ejus
1031 774 1302 822 crucem
1349 754 1735 837 susciperet
1778 753 2341 837 Hierosolymam
2388 753 2733 835 prosectu-

830 875 976 933 ωε,
1027 874 1189 920 nam
1242 853 1639 920 Richardus
1694 853 1911 918 frater
1956 852 2109 937 ejus
2164 852 2301 917 iter
2356 851 2529 916 illud
2574 851 2731 918 nul-

831 955 1106 1020 latenus
1152 955 1306 1018 sine
1349 954 1502 1037 ipso
1556 952 1939 1036 arriperem
2001 952 2149 1029 sed,
2197 952 2367 1033 qnia
2414 971 2543 1016 rex
2586 951 2737 1017 An-

833 1054 998 1138 gliae
1036 1053 1196 1119 huic
1226 1053 1548 1136 petitioni
1576 1070 1939 1118 assensum
1972 1052 2281 1134 praebere
2312 1049 2561 1128 noluit,
2594 1051 2736 1116 dis·

833 1154 1076 1220 cordes
1128 1155 1218 1218 ab
1271 1153 1566 1218 invicem
1610 1158 2072 1220 recesserunt.
2175 1150 2261 1214 In
2319 1150 2452 1216 hoc
2500 1157 2737 1216 autem

835 1252 1182 1336 colloquio
1229 1251 1605 1318 cardinalis
1648 1251 1985 1334 praefatus
2030 1257 2431 1315 constanter
2468 1269 2734 1316 assere-

834 1354 978 1431 bat,
1010 1353 1221 1436 quod,
1251 1352 1388 1416 nisi
1431 1371 1559 1416 rex
1606 1350 1924 1416 Francioe
1966 1358 2038 1415 et
2068 1369 2301 1415 comes
2340 1349 2737 1414 Richardus

835 1473 995 1518 cum
1068 1471 1232 1534 rege
1294 1449 1683 1532 Anglornm
1736 1451 1825 1516 ad
1887 1450 2167 1533 plenum
2222 1456 2737 1532 componerent,

837 1570 1074 1616 omnes
1121 1558 1346 1616 terras
1387 1569 1625 1614 eornm
1670 1553 1801 1614 sub
1846 1549 2216 1614 interdicto
2270 1548 2733 1613 concluderet.

839 1651 973 1716 Cni
1017 1670 1144 1716 rex
1177 1650 1607 1715 Francorum
1656 1649 2039 1733 respondit,
2080 1667 2157 1713 se
2194 1648 2417 1731 ipsius
2464 1655 2741 1712 senten·-

837 1752 1008 1815 tiam
1047 1769 1187 1816 non
1231 1750 1496 1827 timere,
1547 1769 1703 1814 cum
1738 1749 1933 1814 nulla
1983 1748 2312 1830 aequitate
2360 1749 2738 1825 niteretnr3

839 1849 1106 1915 addidit
1153 1849 1386 1926 etiam,
1427 1849 1516 1914 ad
1567 1849 1929 1914 ecclesiam
1967 1848 2361 1913 Romanam
2397 1867 2537 1912 non
2582 1867 2739 1930 per-

841 1950 1062 2015 tinere
1132 1949 1207 2012 in
1279 1968 1510 2030 regem
1573 1948 1686 2013 vel
1752 1967 2039 2029 regnum
2120 1947 2551 2012 Francorum
2620 1966 2747 2028 per

841 2049 1252 2114 sententiam
1299 2048 1872 2125 animadvertere,
1922 2047 1984 2110 si
2032 2065 2159 2111 rex
2197 2047 2623 2112 Francorum
2672 2045 2747 2109 in

841 2146 1154 2212 homines
1203 2166 1369 2212 suos
1427 2146 1799 2211 demeritos
1861 2153 1940 2220 et
1984 2165 2199 2228 regno
2254 2165 2384 2210 sno
2450 2144 2745 2210 rebelles

841 2246 1134 2328 injurias
1213 2265 1378 2310 snas
1461 2245 1839 2310 ulciscendi
1908 2263 2125 2309 causa
2202 2245 2551 2327 insurgit;
2619 2243 2744 2308 ad-

833 2345 1079 2428 junxit
1141 2344 1449 2426 insuper,
1507 2345 1693 2426 qnod
1762 2344 2135 2410 cardinalis
2202 2343 2748 2426 praenominatns

834 2445 984 2528 jam
1047 2442 1420 2526 sterling-os
1479 2444 1665 2526 reg-is
1716 2441 2001 2526 Angliae
2044 2443 2396 2518 olfecerat,
2442 2442 2623 2507 unde
2666 2443 2745 2505 il-

845 2544 990 2608 lum
1020 2544 1325 2628 judicem
1365 2551 1769 2626 suspectum
1800 2537 2157 2607 ¹habebat.
2225 2541 2750 2625 Archiepiscopi

845 2663 1012 2708 vero
1063 2644 1318 2726 aliique
1362 2650 1751 2725 magnateS,
1794 2643 1901 2706 his
1954 2641 2237 2719 auditis,
2280 2642 2431 2723 regi
2472 2639 2745 2723 Anglo-

847 2762 1001 2805 rum
1043 2741 1382 2807 dederunt
1425 2741 1815 2819 consilium,
1849 2748 1933 2805 ut
1978 2742 2431 2824 petitionibus
2466 2740 2593 2806 filii
2640 2742 2750 2805 sui

849 2842 1189 2922 praeberet
1225 2858 1630 2920 assensnm3
1676 2841 1961 2922 dignum
2007 2840 2189 2904 enim
2234 2860 2388 2905 esse
2428 2839 2751 2904 dicebant

849 2944 930 3001 ut
981 2938 1126 3002 filio
1177 2958 1304 3003 suo
1366 2947 1437 3002 et
1492 2938 1752 3004 haeredi
1806 2939 2144 3020 legitime,
2210 2940 2553 3020 militique
2606 2945 2753 3003 tam

851 3044 1158 3113 strenuo,
1205 3038 1510 3121 aliquam
1553 3038 1997 3102 securitatem
2026 3039 2288 3103 faceret
2328 3038 2413 3102 de
2462 3037 2755 3102 haeredi-

853 3143 1000 3201 tate
1032 3156 1161 3201 sua
1193 3137 1510 3202 habenda
1537 3138 1601 3201 si
1638 3138 1867 3221 ipsum
1902 3138 2448 3221 supervixisset3
2502 3137 2753 3219 quibus

852 3237 1212 3319 respondit
1266 3256 1419 3313 rex,
1475 3256 1552 3301 se
1604 3236 2005 3302 nullatenus
2063 3238 2195 3301 hoc
2250 3237 2323 3301 in
2382 3237 2509 3303 tali
2560 3244 2753 3303 statu

853 3335 1222 3412 facturum,
1259 3336 1587 3419 quoniam
1617 3336 1691 3401 id
1725 3343 2011 3401 coactus
2042 3336 2275 3419 potius
2307 3356 2519 3420 quam
2546 3355 2756 3419 spon-

855 3442 1102 3499 taneus
1136 3434 1362 3499 facere
1391 3435 1765 3499 videretur.
1854 3435 2103 3500 Comes
2134 3455 2301 3500 vero
2333 3436 2753 3513 Richardus,

852 3553 1012 3597 cum
1060 3533 1234 3598 talia
1279 3534 1748 3615 cognovisset,
1790 3528 1816 3567 ²
1838 3534 2235 3599 videntibus
2282 3536 2578 3612 cunctiS,
2628 3535 2756 3599 ho-

855 3634 1160 3714 magium
1192 3633 1357 3699 fecit
1392 3634 1542 3715 regi
1581 3633 2009 3699 Francorum
2047 3634 2135 3698 de
2167 3641 2318 3699 toto
2363 3642 2757 3699 tenemento

855 3734 1076 3815 patris
1109 3733 1243 3812 sui,
1289 3732 1472 3816 quod
1521 3732 1611 3797 ad
1656 3753 1947 3815 regnum
1981 3733 2299 3799 Franciae
2342 3734 2757 3817 pertinebat,

841 4042 846 4045 Ι
927 3977 944 4009 ¹
960 3979 1205 4030 Habebat.
1240 3980 1266 4045 ]
1321 3980 1574 4029 Matthew
1629 3981 1780 4030 Paris
1831 3981 1919 4043 ing
1951 3996 2087 4043 upon
2119 3981 2207 4031 the
2240 3981 2468 4031 cardinal
2502 3981 2673 4033 swerd
2703 3982 2755 4031 in

857 4048 1005 4107 adds,
1021 4048 1130 4097 that
1151 4049 1236 4097 the
1252 4050 1478 4099 violence
1487 4048 1548 4099 of
1556 4048 1780 4100 Richard
1830 4050 1987 4101 hand.

857 4131 921 4164 on
966 4116 1068 4165 this
1106 4119 1340 4166 occasion
1377 4133 1489 4169 was
1522 4134 1581 4169 so
1620 4126 1781 4183 great,
1902 4118 1924 4147 ²
1946 4119 2235 4170 Videutibus
2276 4120 2481 4169 cunctis.
2518 4120 2541 4185 ]
2598 4121 2615 4149 ‘
2632 4120 2755 4170 Dis—

856 4185 966 4234 that
1001 4185 1065 4234 he
1099 4200 1208 4234 was
1239 4187 1365 4235 with
1396 4188 1644 4252 difficulty
1667 4205 1781 4252 pre-
1830 4192 2027 4240 cinctus
2064 4189 2254 4252 gladi0‚
2298 4190 2531 4239 adstante
2568 4196 2711 4251 patre
2724 4186 2757 4251 ς’

865 4254 1042 4303 vented
1057 4254 1124 4315 by
1143 4255 1284 4305 those
1307 4264 1508 4317 present
1525 4260 1651 4308 from
1668 4258 1780 4309 fall·
1830 4260 2048 4311 Gervas.
2071 4260 2167 4310 col.
2193 4262 2338 4308 1537.
