3108 5059
843 518 1123 568 ymnus
1171 516 1714 567 msronunuu.
2138 498 2231 564 35

308 678 570 750 terunt,
603 693 793 753 nam,
833 696 921 740 ne
955 677 1098 743 vivi
1121 683 1558 763 caperentur,
1592 674 1779 740 ultro
1810 694 1963 739 sese
1998 674 2227 739 flucti-
2252 684 2367 725 Ad>-
2382 684 2497 725 ¹⁰⁸⁸·

305 772 434 836 bus
460 774 1018 841 submerserunt.

596 949 698 1011 Do
725 949 990 1033 quodam
1017 949 1209 1013 divite
1237 971 1281 1013 a
1309 948 1589 1013 muribus
1616 950 1920 1035 devorato,

388 1068 604 1136 Anno
637 1073 924 1137 Domini
951 1090 1338 1138 MLxxxlx.
1368 1073 1548 1151 Odo,
1579 1095 1668 1138 ex
1691 1074 2029 1139 monacho
2054 1074 2221 1138 Clu·
2246 1082 2493 1183 geg-fulg&-

308 1170 620 1236 niaeensi
650 1174 1016 1256 episcopus
1041 1173 1388 1238 Ostiensis
1420 1174 1729 1251 effectuS‚
1761 1182 2009 1239 contra
2036 1169 2221 1239 ¹Cle-
2420 1161 2433 1171 ’

307 1279 612 1336 mentem
659 1292 914 1356 papam
959 1282 1032 1337 et
1067 1274 1454 1339 Henricum
1499 1274 1987 1358 imperatorem
2036 1294 2220 1357 papa

307 1379 378 1436 et
428 1372 764 1437 Urbanus
805 1380 1118 1439 vocatur.
1217 1368 1497 1459 ²Hujus
1542 1395 1749 1458 papae
1795 1377 2223 1459 temporibus

307 1467 810 1537 Alemannicus
845 1494 1075 1539 comes
1115 1475 1421 1558 quidam,
1455 1474 1749 1539 Henrici
1780 1476 2219 1559 imperatoris

304 1581 712 1654 persecutor
757 1575 1241 1656 gravissimum,
1287 1594 1444 1638 cum
1490 1575 1791 1657 quodam
1835 1575 1947 1640 die
1997 1574 2217 1640 tristis

307 1672 394 1735 ad
423 1692 738 1737 mensam
781 1675 1138 1753 resideret,
1179 1675 1723 1739 ministrantium
1754 1674 2055 1759 stipatus
2100 1694 2217 1739 ca-

308 1775 549 1850 terviS,
597 1775 702 1838 ita
743 1782 1026 1858 repente
1066 1794 1111 1838 a
1144 1776 1454 1839 muribus
1499 1783 1609 1839 est
1652 1774 2217 1841 circumvallatus

309 1879 386 1937 ut
445 1893 796 1957 nusquam
856 1876 990 1940 sibi
1054 1875 1420 1957 diffugium
1479 1881 1902 1958 appareret3
1976 1882 2217 1939 tant-us

311 1974 491 2037 enim
555 1981 709 2039 erat
769 1974 1048 2039 illarum
1107 1995 1434 2039 numerus
1492 1975 1943 2039 bestiolarum
2006 1982 2086 2038 ut
2141 1976 2217 2037 in

309 2075 594 2156 regione
627 2074 824 2139 nulla
861 2083 968 2140 tot
999 2076 1313 2140 crederes
1349 2076 1723 2141 abundare.
1829 2075 2082 2157 Itaque
2112 2075 2217 2137 fa·
2252 2155 2257 2159 .

311 2174 481 2238 muli
515 2194 676 2239 cum
709 2176 1012 2241 fustibus
1039 2184 1112 2240 et
1135 2176 1426 2253 baculiS,
1445 2177 1566 2260 qui
1596 2176 1685 2239 ad
1716 2195 1966 2239 manus
1981 2176 2217 2241 venie-

311 2274 506 2353 bant,
541 2296 702 2339 cum
746 2278 1058 2340 muribus
1101 2277 1590 2353 occurrissent,
1617 2275 1739 2339 diu
1776 2277 1852 2340 in
1892 2276 2049 2339 illos
2084 2294 2215 2339 see-

309 2376 578 2439 vientes
623 2375 799 2439 nihil
843 2377 1121 2458 penitus
1157 2376 1621 2459 profecerunt,
1652 2377 1819 2459 quin
1862 2376 2215 2439 domiuum

307 2476 533 2541 solum
585 2476 907 2541 dentibus
962 2476 1249 2542 terribili
1293 2476 1595 2560 quodam
1655 2495 1937 2540 corrosu
1993 2475 2215 2539 lania-

308 2584 466 2641 rent
497 2598 516 2656 ;
573 2585 645 2640 et
676 2579 992 2661 quamvis
1039 2597 1084 2640 a
1127 2578 1460 2641 ministris
1503 2597 1759 2658 magno
1804 2583 2061 2640 conatu
2093 2577 2219 2639 ba-

309 2677 485 2741 culis
533 2684 1084 2760 percuterentur,
1116 2677 1291 2741 nulli
1323 2684 1560 2740 tamen
1596 2677 1925 2741 damnum
1968 2676 2219 2740 insere-

307 2778 504 2854 bant,
533 2778 702 2860 quia
734 2797 862 2842 neo
897 2779 1090 2861 ipsas
1122 2785 1410 2859 tangere
1439 2777 1771 2841 bestiolas
1812 2784 1936 2840 aut
1963 2776 2219 2840 laedere

306 2883 709 2960 potuerunt.
812 2872 1160 2942 ³Tandem
1205 2896 1250 2940 a
1295 2877 1755 2942 servientibus
1798 2876 2074 2958 longius
2126 2876 2217 2939 ad

307 2978 643 3060 pelagum
672 2977 943 3042 delatus
971 2986 1046 3042 et
1073 2979 1147 3041 in
1176 2997 1335 3040 eum
1365 2978 1529 3041 navi
1560 2978 1887 3040 devectus
1920 2977 2217 3039 murium

308 3079 409 3142 sic
440 3078 850 3142 violentiam
881 3098 1022 3142 non
1069 3077 1334 3156 evasit3
1387 3097 1550 3140 nam
1596 3077 1783 3141 illico
1821 3083 2021 3140 tanta
2058 3077 2217 3139 bes-

309 3179 641 3243 tiolarum
671 3179 1043 3243 multitudo
1071 3178 1441 3242 inundavit
1484 3178 1557 3240 in
1596 3177 1872 3258 pelago,
1904 3182 1983 3240 ut
2016 3174 2217 3239 navis

310 3279 634 3343 tabulata
677 3280 1048 3343 corrodens
1096 3278 1576 3361 perforaverit,
1630 3284 1712 3340 ut
1754 3283 2017 3340 certum
2048 3294 2225 3340 nau-

307 3377 614 3461 fragium
669 3399 857 3462 aqua
909 3397 1034 3463 per
1077 3379 1289 3442 rimas
1335 3376 1732 3460 ingrediens
1788 3377 2215 3454 minaretur3

309 3481 433 3544 sed
482 3480 726 3543 famuli
772 3479 922 3543 haec
955 3479 1296 3555 videnteS‚
1326 3497 1630 3561 puppem
1677 3477 1766 3540 ad
1807 3478 2007 3541 littus
2044 3477 2218 3541 cele-

313 3580 485 3644 riter
541 3581 1060 3663 retorquebant,
1107 3579 1228 3642 sed
1295 3571 1528 3641 mures
1582 3585 1955 3660 antequam
2018 3577 2219 3640 navis

313 3679 402 3744 ad
453 3688 711 3760 terram
745 3681 1121 3745 -venientes
1188 3679 1514 3742 miserum
1572 3677 1768 3742 illum
1830 3679 1904 3741 in
1955 3677 2220 3740 aridam

383 3904 401 3935 ¹
430 3898 784 3962 Clementem]
833 3899 932 3948 For
973 3897 993 3927 ‘
1017 3897 1246 3947 Clemen-
1297 3897 1679 3958 eompanion-to
1717 3895 1821 3946 Mr.
1842 3895 2111 3958 Southey's
2146 3896 2226 3944 bi-

312 3977 412 4022 tem
435 3971 456 3996 ’
487 3986 569 4020 we
614 3969 800 4018 should
843 3969 1091 4030 probably
1123 3967 1247 4018 read
1297 3967 1422 4028 shop
1447 3967 1627 4028 Hatto,
1656 3967 1703 4016 is
1736 3967 1861 4016 from
1885 3967 2225 4028 Malmsbury,

315 4043 332 4074 ‘
349 4041 660 4092 Guibertum
677 4039 712 4098 ς’
745 4053 831 4089 see
854 4040 1041 4090 Baron.
1059 4039 1247 4089 Annal.
1297 4035 1461 4103 §290.

317 4113 385 4164 ad
405 4127 491 4162 an.
515 4115 664 4173 1⁰85,
683 4107 712 4175 ξ
733 4114 785 4159 8.
1367 4104 1390 4137 ⁸
1415 4107 1668 4170 Tandem]
1704 4107 1721 4136 ‘
1738 4106 2062 4168 Quapropter
2090 4120 2122 4154 a
2149 4105 2225 4154 fa-

383 4178 408 4212 2
439 4183 612 4245 Hnjus
675 4195 819 4244 papoe
885 4178 1190 4242 temporibus.
1225 4177 1248 4241 ]
1298 4177 1450 4226 mulis
1473 4177 1611 4226 ultra
1620 4179 1818 4239 Jaetum
1838 4178 2041 4239 sagittae
2064 4177 2118 4224 in
2138 4190 2227 4237 pe·

317 4253 335 4281 ‘
353 4253 534 4316 Hujus
577 4249 927 4312 temporibus,’
966 4250 1026 4298 C.
1049 4275 1120 4286 --
1141 4247 1250 4297 The
1298 4248 1448 4309 lagus
1483 4252 1772 4309 provectus,
1809 4261 1903 4296 nec
1938 4247 2013 4294 sie
2036 4245 2227 4296 violen-

317 4323 501 4386 legend
543 4321 830 4382 following,
865 4333 931 4368 an
973 4319 1251 4368 admirable
1299 4319 1420 4367 tiam
1443 4312 1639 4368 evasit?
1672 4317 1913 4367 Malmsb.

1919 4415 2017 4460 »2
