3108 5059
871 485 1146 536 rumas
1201 484 1739 536 ms‘rommum
2079 555 2087 560 =
2117 467 2251 538 367

343 667 500 712 nem
549 651 959 724 conventus,
1020 648 1302 714 missam
1355 647 1828 714 celebraturus
1874 649 2250 714 solemnem
2276 663 2385 706 mn.
2410 665 2520 704 un.

343 754 415 812 et
448 766 830 812 sermonem
866 744 953 811 ad
999 749 1334 832 populum
1377 748 1765 827 habiturus,
1810 750 1911 816 sic
1956 767 2249 814 exorsus

344 854 475 925 est,
523 853 544 882 ‘
576 847 966 914 Secundum
1013 848 1524 913 multitudinem
1577 849 1891 914 dolorum
1940 869 2249 920 meorum

344 947 416 1010 in
459 947 667 1012 corde
715 966 895 1026 meo,
941 948 1454 1014 consolationes
1506 955 1649 1012 tuae
1698 949 2060 1016 laetificant
2102 949 2255 1015 ani·
2348 935 2351 940 ’

343 1066 528 1112 mam
561 1047 837 1114 meam.’

392 1220 493 1286 De
521 1221 792 1288 tonitruo
817 1223 1095 1309 glomerabo·
1124 1233 1181 1290 et
1206 1226 1629 1311 satisfactiom
1655 1226 1817 1313 royis
1834 1246 1963 1312 pro
1994 1233 2185 1290 morte

1081 1321 1242 1390 boati
1275 1327 1530 1392 Thomae.

448 1447 661 1512 Anno
714 1447 996 1513 Domini
1042 1465 1389 1516 ucnxxn.
1441 1451 1512 1516 in
1562 1457 1767 1516 nocte
1810 1447 2067 1515 natalis
2104 1449 2255 1514 Do·
2281 1456 2527 1500 A·D·¹¹⁷2·

350 1547 522 1610 mini
575 1541 918 1613 ¹tonitrua
963 1549 1203 1615 audita
1246 1559 1413 1617 sunt
1454 1550 1833 1634 generalia,
1880 1551 1953 1614 in
1994 1548 2257 1632 Anglia

351 1647 644 1726 scilicet,
681 1647 1024 1713 Hibernia
1066 1658 1138 1715 et
1173 1647 1435 1730 Gallia,
1485 1653 1717 1716 subita
1760 1659 1833 1715 et
1876 1650 2258 1727 horribilia,

350 1748 588 1812 orbem
639 1747 935 1813 fortasse
979 1749 1070 1813 ad
1120 1769 1304 1815 nova
1341 1751 1524 1816 beati
1584 1750 1875 1815 Thomae
1930 1749 2258 1832 martyris

352 1846 691 1912 miracula
721 1867 806 1912 ex
844 1848 1138 1914 diversis
1189 1853 1504 1932 partibus
1535 1849 1930 1927 invitantia,
1964 1855 2045 1913 ut
2076 1849 2257 1914 sicut

349 1947 756 2030 sanguinem
797 1967 995 2012 suum
1045 1971 1174 2033 pro
1203 1951 1579 2016 universali
1611 1949 1911 2033 perfudit
1942 1949 2258 2026 ecclesia,

351 2048 454 2112 ita
499 2047 656 2132 ejus
705 2046 938 2132 passio
988 2049 1082 2116 sit
1136 2051 1554 2132 generaliter
1603 2052 1693 2114 ab
1748 2049 2065 2115 omnibns
2123 2048 2259 2131 piis

352 2147 710 2212 desideriis
759 2144 1148 2214 recolenda.
1255 2150 1516 2217 Eodem
1549 2157 1884 2234 tempore,
1916 2169 2079 2231 rege
2111 2147 2261 2213 An-

355 2247 630 2330 glornm
689 2267 952 2313 moram
1010 2248 1308 2315 faciente
1361 2251 1435 2314 in
1492 2249 1861 2329 Hibernia,
1908 2237 2128 2332 H'ugo
2174 2249 2260 2314 de

354 2347 590 2413 Seinte
639 2348 842 2413 More
892 2357 965 2415 et
1015 2349 1430 2434 Radulphus
1481 2351 1568 2416 de
1628 2349 1822 2427 Faie,
1870 2347 2257 2415 avunculus

361 2447 649 2512 Alienor
697 2449 978 2532 reginae,
1023 2449 1311 2515 consilio
1346 2449 1593 2535 ipsius»,
1627 2458 1707 2514 ut
1750 2438 2025 2524 dicitnr,
2070 2447 2256 2531 regis

359 2548 652 2614 Henrici
704 2549 1003 2634 junioris
1064 2551 1368 2615 animum
1426 2557 1789 2640 coeperunt
1852 2556 2165 2615 avertere
2216 2568 2260 2612 a

356 2657 556 2732 patre
605 2668 756 2729 suo,
801 2657 1214 2728 asserenteS,
1257 2651 1716 2733 incongruum
1763 2647 1976 2714 videri
2024 2650 2257 2730 regem

357 2748 736 2831 quemlibet
791 2768 944 2814 esse
987 2758 1059 2815 et
1101 2750 1643 2817 dominationem
1686 2750 1759 2814 in
1803 2768 2020 2833 regno
2067 2748 2257 2812 debi-

357 2856 502 2914 tam
555 2869 696 2914 non
744 2849 1042 2931 habere3
1109 2851 1230 2915 sed
1287 2870 1415 2915 rex
1475 2858 1702 2934 pater,
1747 2856 2123 2933 antequam
2169 2849 2258 2912 ab

361 2948 708 3014 Hibernia
733 2949 1014 3028 rediret,
1048 2944 1268 3033 ²apud
1313 2950 1665 3016 Lissemor
1694 2950 2057 3016 concilium
2092 2968 2258 3013 con·
2283 2970 2459 3012 omnen
2476 2971 2523 3009 or

360 3048 704 3132 gregavit,
765 3050 885 3115 ubi
944 3050 1134 3133 leges
1198 3049 1478 3133 Angliae
1547 3053 1637 3115 ab
1705 3049 2025 3114 omnibus
2096 3055 2261 3113 sunt
2284 3023 2487 3064 mmm

361 3156 723 3232 gratanter
765 3157 1063 3233 receptae
1097 3158 1168 3215 et
1197 3150 1546 3235 juratoria
1584 3150 1908 3215 cautione
1948 3148 2265 3232 praestita

360 3250 812 3315 confirmata).
918 3250 1145 3315 Urbes
1177 3258 1249 3316 et
1280 3250 1595 3329 castella,
1640 3268 1798 3333 quae
1843 3268 1969 3313 rex
2013 3239 2086 3312 in
2132 3266 2263 3313 sua

358 3356 742 3434 receperat,
770 3350 902 3414 sub
929 3349 1116 3415 fideli
1154 3352 1472 3416 custodia
1498 3350 1899 3434 deputavit3
1964 3354 2059 3425 et,
2088 3367 2263 3430 quo-

360 3451 547 3515 niam
584 3450 784 3515 varia
813 3450 1042 3533 ipsum
1077 3450 1444 3516 trahebant
1478 3450 1785 3533 negotia,
1818 3450 1892 3513 in
1939 3448 2050 3513 die
2085 3447 2263 3511 Pas-

361 3550 512 3615 choe
565 3550 698 3615 sub
760 3549 979 3632 ipsius
1047 3550 1183 3616 diei
1243 3551 1650 3635 crepusculo
1711 3569 1959 3615 navem
2026 3568 2267 3613 ascen-

362 3651 534 3715 dens
585 3650 658 3713 in
707 3651 1013 3715 crastino
1067 3651 1404 3737 applicuit
1446 3653 1518 3716 in
1566 3650 1925 3726 Walliam,
1985 3656 2056 3712 et
2107 3647 2266 3712 inde

366 3751 872 3816 Porecestriam
906 3751 1192 3817 veniens
1233 3752 1689 3835 navigatione
1714 3749 1909 3813 felici
1962 3748 2033 3810 in
2082 3746 2270 3810 Nor-

362 3851 714 3916 manniam
755 3859 863 3916 est
906 3858 1366 3917 transvectus,
1472 3850 1567 3914 Et
1601 3849 1963 3915 confestim
1998 3847 2085 3910 ad
2116 3865 2269 3911 car-

431 4013 448 4044 ¹
461 4012 698 4063 Touitm
719 4010 932 4073 audita]
975 4012 1178 4077 Diceto,
1193 4014 1290 4064 eol.
1344 4016 1500 4062 states
1534 4011 1621 4060 the
1658 4008 1856 4060 council
1889 4015 1942 4059 to
1973 4009 2103 4060 have
2140 4010 2269 4058 been

362 4088 478 4135 5⁵9.
1344 4083 1462 4132 held
1478 4087 1532 4132 at
1549 4080 1857 4143 Waterford,
1871 4080 1998 4130 with
2023 4080 2270 4131 Giraldus

1344 4151 1690 4214 CambrensiS,
1728 4152 1845 4203 who
1884 4153 2025 4213 gives
2061 4150 2147 4199 the
2184 4150 2272 4199 de·

430 4221 612 4288 ²Apud
627 4223 916 4287 Mnemon]
953 4223 1292 4285 Diceto,ibid.
1344 4236 1485 4273 crees
1521 4224 1581 4271 of
1619 4222 1703 4272 the
1741 4222 1903 4284 synod
1936 4220 2073 4282 held,
2108 4234 2167 4269 as
2204 4220 2268 4268 he

361 4294 611 4356 compare
648 4292 916 4355 Hoveden,
950 4309 1002 4355 p.
1038 4297 1156 4357 ⁵27,
1175 4293 1293 4343 who
1345 4297 1557 4357 asserta,
1578 4297 1632 4341 at
1654 4291 1861 4343 Oashel.
