3108 5059
801 441 936 506 314
1313 457 1585 506 nocem
1630 457 1727 504 ns
1771 456 2187 507 wmmovnn

484 642 728 682 A.D.1166.
806 618 1148 696 tudinum,
1201 636 1379 701 quas
1427 618 1500 680 in
1556 638 1771 700 reg-no
1802 615 2193 700 Anglorum
2242 621 2265 652 ‘
2288 615 2535 682 avitas'
2584 635 2711 698 ap·

807 718 1098 802 pellant,
1159 719 1669 795 observatores,
1728 717 2124 782 defensores
2180 723 2253 782 et
2318 717 2711 781 incentores

806 816 1116 884 candelis
1163 817 1797 884 excommunicavit
1852 817 2185 893 accensis,
2230 823 2303 882 et
2344 817 2532 880 inter
2572 835 2709 879 cae-

811 925 998 983 teros
1055 916 1462 984 nominatim
1514 917 1943 982 Richardnm
2000 916 2089 982 de
2154 915 2355 993 Luci,
2410 914 2711 980 Richar-

811 1016 998 1096 dum,
1039 1017 1603 1082 archidiaconum
1648 1016 2162 1095 Pictavensem,
2194 1015 2241 1080 J
2247 1015 2585 1081 ocelinum
2622 1014 2712 1078 de

809 1116 1073 1195 Bailul,
1103 1114 1413 1183 Alanum
1439 1118 1526 1181 de
1564 1115 1873 1194 Nevilla,
1902 1122 1976 1180 et
2006 1115 2183 1180 alios
2215 1115 2661 1198 quamplures
2688 1133 2709 1192 3

812 1216 934 1280 sed
974 1216 1113 1299 ipsi
1148 1218 1472 1281 absentes
1515 1222 1589 1281 et
1632 1235 1774 1280 non
1805 1216 2041 1281 vocati
2085 1235 2213 1280 nec
2256 1213 2583 1292 convicti,
2628 1221 2711 1278 ut

813 1316 1161 1395 dicebant,
1237 1315 1835 1402 excommunicati,
1900 1314 2129 1379 missis
2202 1315 2291 1378 ad
2365 1313 2711 1395 archiepi-

813 1435 1099 1499 scopum
1153 1415 1431 1497 legatiS‚
1499 1415 2029 1499 appellaverunt
2076 1420 2148 1478 et
2190 1413 2553 1478 ecclesiam
2605 1413 2711 1476 in-

813 1521 1195 1589 traverunt.
1281 1514 1418 1578 Sed
1449 1535 1591 1580 non
1620 1515 1841 1579 multo
1872 1520 2032 1598 post
2065 1513 2459 1581 Willelmus
2494 1513 2712 1595 Papi-

811 1614 999 1678 ensis
1059 1621 1129 1679 et
1188 1614 1235 1679 J
1239 1614 1547 1680 ohannes
1613 1614 2146 1697 Neapolitanus,
2206 1613 2595 1678 cardinales
2668 1631 2713 1676 a

813 1713 1031 1796 latere
1089 1715 1344 1779 summi
1399 1714 1747 1798 pontificis
1806 1712 2160 1791 destinati,
2222 1713 2407 1796 apud
2464 1713 2711 1777 Munt·

811 1813 1014 1879 miral
1047 1834 1280 1896 regem
1315 1813 1701 1888 Henricum
1745 1820 1818 1878 et
1846 1813 2213 1891 Thomam,
2253 1812 2717 1877 cantuarien-

815 1933 960 1980 sem
1009 1913 1629 1997 archiepiscopum,
1680 1920 2197 1993 convocarunt3
2267 1919 2339 1977 et
2382 1913 2548 1976 licet
2590 1931 2713 1975 eos

813 2013 890 2076 in
919 2021 1190 2097 partem
1231 2014 1416 2096 regis
1453 2013 2015 2096 archiepiscopus
2050 2012 2523 2078 inclinatiores
2556 2030 2712 2074 sen-

816 2113 1046 2192 sisset,
1093 2120 1260 2178 tunc
1304 2120 1538 2177 tamen
1589 2113 1665 2177 in
1712 2113 2053 2197 judicium
2104 2112 2349 2178 deduci
2406 2131 2493 2174 ea
2537 2110 2713 2175 rati-

818 2231 952 2276 one
1012 2213 1377 2291 concessit,
1431 2213 1895 2276 residentibus
1955 2212 2095 2277 illis
2146 2212 2220 2275 in
2272 2210 2715 2289 consistorio,

816 2319 919 2389 ut,
964 2311 1339 2376 secundum
1398 2311 1709 2376 ecclesiae
1757 2311 2075 2389 formam,
2119 2319 2266 2376 tam
2312 2311 2447 2375 sibi
2498 2328 2713 2393 quam

817 2411 966 2476 suis
1011 2412 1205 2495 prius
1248 2412 1444 2476 fieret
1487 2412 1697 2494 plena
1740 2411 2089 2476 restitutio
2136 2411 2549 2488 ablatorum,
2586 2429 2717 2474 nec

812 2512 998 2577 enim
1041 2512 1380 2595 spoliatus
1417 2511 1757 2597 judicium
1806 2511 2037 2576 subire
2087 2510 2333 2589 voluit,
2383 2529 2509 2574 nec
2554 2509 2716 2593 cogi

816 2612 1046 2694 potuit
1081 2612 1350 2677 ratione
1380 2630 1398 2692 3
1467 2612 1656 2695 quod
1699 2630 1857 2675 cum
1900 2612 2003 2675 illi
2038 2630 2164 2675 nec
2198 2610 2425 2676 facere
2455 2610 2716 2677 vellent

819 2731 947 2776 nec
997 2718 1307 2794 possent,
1352 2711 1613 2775 infecto
1674 2710 1979 2794 negotio,
2032 2712 2383 2794 praedictis
2434 2730 2717 2776 excom·

816 2803 1189 2875 municatis
1247 2811 1438 2894 prius
1500 2810 1864 2888 absolutis,
1924 2810 2013 2873 ad
2066 2798 2330 2874 curiam
2388 2817 2556 2874 sunt
2604 2829 2717 2873 re-

823 2911 1023 2974 versi.
1125 2909 1428 2974 Alanum
1481 2929 1648 2974 vero
1698 2909 1784 2973 de
1842 2908 2127 2975 Nevilla
2171 2910 2475 2974 absolvit
2518 2908 2717 2973 Gile-

820 3011 1082 3087 bertuS‚
1135 3008 1641 3075 Londoniensis
1689 3009 2101 3093 episcopus;
2169 3017 2458 3092 accepto
2496 3010 2587 3073 ab
2630 3028 2716 3074 eo

816 3116 1277 3187 sacramento,
1311 3110 1494 3192 quod
1523 3110 1600 3173 in
1632 3109 1857 3174 eundo
1893 3108 2455 3193 Hierosolymam
2482 3116 2717 3173 trans-

816 3210 950 3275 iret
994 3229 1118 3292 per
1167 3209 1520 3275 dominum
1566 3227 1821 3291 papam
1882 3216 1955 3274 et
1996 3210 2149 3295 ejus
2194 3215 2469 3293 pareret
2516 3227 2719 3273 man-

628 3386 634 3395 ·
709 3347 712 3350 -
819 3308 1007 3375 dato.
1112 3310 1374 3375 Eodem
1437 3316 1747 3392 tempore
1812 3308 2247 3388 LodowicuS,
2304 3329 2432 3374 rex
2491 3308 2719 3373 Fran-

813 3428 1082 3487 corum,
1123 3410 1315 3473 venit
1366 3407 1910 3490 Pontiniacum;
1972 3417 2066 3488 et,
2109 3430 2197 3474 ne
2240 3409 2405 3493 quid
2460 3429 2507 3474 a
2548 3428 2717 3491 rege

817 3508 1210 3591 Anglorum
1251 3508 1450 3575 fieret
1489 3508 1564 3571 in
1606 3508 1978 3592 perniciem
2011 3508 2487 3574 Cisterciensis
2530 3508 2723 3574 ordi·

819 3610 953 3687 nis,
1019 3608 1384 3687 Thomam,
1443 3605 2019 3673 cantuariensem
2102 3608 2722 3691 archiepiscopum,

819 3708 936 3772 cui
979 3709 1131 3794 jam
1181 3729 1306 3792 per
1359 3708 1714 3772 biennium
1771 3708 2345 3774 Pontiniacenses
2398 3708 2721 3773 monachi

821 3829 1092 3873 omnem
1147 3809 1609 3875 exhibuerant
1657 3809 2182 3887 humanitatem,
2236 3808 2549 3873 Senonas
2610 3828 2723 3873 se-

818 3928 975 3972 cum
1026 3908 1254 3987 duxit,
1299 3915 1373 3972 et
1419 3908 1607 3990 apud
1660 3917 1974 3973 sanctam
2020 3908 2427 3974 Columbam
2483 3910 2551 3973 ei
2594 3928 2725 3991 per

743 4036 758 4051 ·
819 4026 1040 4071 annos
1080 4015 1380 4089 quatuor
1422 4006 1901 4073 sufficientiam
1944 4008 2017 4073 in
2060 4009 2383 4093 expensis
2427 4009 2724 4074 invenit.

820 4108 957 4171 Per
983 4107 1164 4172 idem
1191 4114 1488 4191 tempuS,
1511 4106 1603 4171 ad
1634 4109 2158 4174 subventionem
2192 4116 2396 4175 terrae
2431 4117 2725 4189 sanctae,

819 4208 904 4271 de
973 4226 1392 4291 unaquaque
1455 4218 1786 4289 carucata
1872 4216 2073 4275 terrae
2138 4209 2353 4274 totius
2414 4205 2727 4293 Angliae,
